1514 2438
306 109 830 152 CONFESSIONUM
859 110 1060 151 LIBER
1088 110 1144 151 X.
1306 110 1383 150 159

67 209 165 237 amo
189 201 250 236 te.
310 195 590 237 Percussisti
611 208 691 237 cor
713 208 863 237 meum
888 196 1028 237 verbo
1047 200 1149 245 tue,
1176 198 1222 235 et
1239 196 1385 235 amavi

64 259 125 292 te.
187 252 277 293 Sed
311 257 356 293 et
387 252 566 293 coelum
590 258 636 292 et
656 258 802 303 terra,
839 257 884 293 et
906 254 1076 302 omnia,
1111 263 1224 306 quae
1248 253 1296 292 in
1319 253 1384 291 eis

66 313 191 359 sunt,
210 320 319 348 ecce
337 308 535 363 undique
553 307 665 349 mihi
682 308 858 359 dicunt,
876 314 926 349 ut
942 313 987 349 te
1007 320 1167 358 amem,
1186 319 1271 348 nec
1291 320 1386 348 ces-

66 370 168 405 sant
196 364 349 405 dicere
375 365 604 415 omnibus,
637 369 687 404 ut
710 366 800 405 sint
825 364 1179 406 inexcusabiles.
1238 364 1385 404 Altius

65 426 216 461 autem
231 425 281 461 tu
296 420 605 470 misereberis,
619 420 692 460 cui
707 421 921 462 misertus
941 421 1047 472 eris,
1067 425 1114 461 et
1129 420 1387 460 misericor-

66 478 184 517 diam
201 476 472 529 praestabis,
492 477 565 517 cui
583 477 846 517 misericors
864 476 1028 518 fueris:
1060 476 1266 530 alioquin
1285 488 1386 516 coe-

64 533 157 573 lum
178 538 224 573 et
249 538 372 573 terra
389 533 537 574 surdis
556 532 804 587 loquuntur
820 533 978 574 laudes
996 538 1114 575 tuas.
1175 532 1293 581 Quid
1314 544 1388 572 au-

63 594 155 630 tem
177 600 301 636 amo,
335 601 436 629 cum
471 594 518 629 te
542 588 669 629 amo‘}
698 588 801 630 Non
824 590 1025 643 speciem
1047 588 1277 641 corporis,
1303 600 1388 629 nec

66 644 204 685 decus
226 646 470 699 temporis,
494 657 578 685 nec
603 645 845 685 candorem
869 645 1006 696 lucis,
1032 656 1139 686 ecce
1158 644 1261 685 istis
1280 645 1387 685 ami-

65 713 165 741 cum
185 700 350 751 oculis,
369 713 459 741 non
479 701 635 741 dulces
654 701 878 743 melodias
898 700 1227 742 cantilenarum
1247 700 1387 740 omni-

62 756 319 807 modarum,
343 769 434 797 non
457 756 620 797 ssorum
645 762 692 797 et
713 763 1051 811 unguentorum
1070 761 1115 797 et
1132 761 1389 796 aromatum

64 813 446 862 suaveolentiam,
465 825 557 853 non
573 825 738 853 manna
755 819 801 853 et
819 814 969 864 mella,
988 826 1079 854 non
1095 814 1300 853 membra
1318 825 1387 852 ac-

65 868 312 921 ceptabilia
335 870 483 910 carnis
507 869 805 923 amplexibus.
864 869 968 910 Non
991 868 1105 910 haec
1130 881 1254 920 amo,
1288 881 1390 909 cum

64 937 168 965 amo
190 923 340 965 Deum
371 937 540 976 meum3
575 929 621 965 et
651 930 803 965 tamen
837 937 937 965 amo
965 925 1203 979 quamdam
1224 924 1390 974 lucem,

66 985 112 1021 et
134 980 374 1034 quamdam
393 993 572 1031 vocem,
604 985 650 1021 et
673 981 911 1035 quemdam
937 981 1145 1031 odorem,
1171 985 1217 1021 et
1239 993 1390 1034 quem-

66 1036 169 1078 dam
187 1037 358 1087 cibum‚
383 1041 429 1077 et
447 1037 686 1091 quemdam
705 1038 980 1091 amplexum,
1002 1050 1103 1078 cum
1120 1049 1221 1077 amo
1240 1037 1391 1077 Deum

64 1104 234 1142 meum,
251 1091 424 1143 lucem,
441 1105 617 1143 vocem,
639 1094 848 1144 odorem,
870 1094 1033 1143 cibum,
1054 1094 1311 1147 amplexum
1327 1094 1392 1133 in-

64 1148 253 1190 terioris
275 1146 473 1189 hominis
495 1151 605 1200 mei3
637 1149 717 1189 ubi
733 1148 882 1204 fulget
900 1151 1074 1190 animae
1094 1161 1245 1200 meae,
1271 1148 1394 1203 quod

63 1217 156 1246 non
174 1205 296 1259 capit
311 1204 464 1255 locus,
484 1209 531 1245 et
546 1205 625 1246 ubi
643 1210 790 1256 sonat,
810 1206 932 1260 quod
949 1218 1041 1246 non
1059 1206 1179 1259 rapit
1194 1210 1391 1259 tempus,

66 1267 113 1302 et
128 1261 208 1302 ubi
226 1261 334 1311 olet,
348 1260 471 1315 quod
488 1273 578 1301 non
596 1262 772 1315 spargit
788 1260 938 1312 flatus,
957 1266 1004 1302 et
1019 1261 1099 1303 ubi
1118 1262 1250 1315 sapit,
1271 1260 1394 1315 quod

65 1329 157 1357 non
173 1317 336 1357 minuit
354 1318 578 1367 edacitas,
604 1322 648 1357 et
666 1317 744 1357 ubi
762 1316 941 1367 haeret,
966 1317 1090 1371 quod
1105 1329 1198 1357 non
1216 1316 1395 1357 divellit

65 1374 271 1413 satietas.
332 1373 436 1413 Hoc
456 1377 526 1412 est
545 1373 665 1425 quod
685 1385 801 1423 amo,
822 1386 923 1413 cum
940 1373 1088 1413 Deum
1104 1385 1254 1413 meum
1272 1385 1392 1413 amo.

63 1429 123 1469 Et
156 1428 265 1481 quid
295 1434 367 1468 est
390 1427 502 1468 hoc‘.t
530 1428 819 1482 Interrogavi
840 1434 1030 1478 terram,
1066 1434 1111 1469 et
1134 1428 1268 1469 dixit:
1302 1441 1395 1469 non

66 1497 186 1535 sum3
219 1489 266 1525 et
289 1496 599 1538 quaecumque
623 1485 670 1524 in
697 1484 856 1524 eadem
882 1489 1006 1535 sunt,
1030 1484 1153 1524 idem
1179 1483 1395 1524 confessa

66 1545 186 1582 sunt.
222 1539 510 1594 Interrogavi
526 1552 649 1580 mare
669 1545 715 1580 et
731 1540 942 1594 abyssos,
963 1546 1008 1580 et
1024 1540 1208 1594 reptilia
1226 1542 1393 1581 anima-

63 1608 163 1636 rum
180 1596 398 1647 vivarum,
413 1600 458 1636 et
473 1595 826 1650 responderunt:
846 1609 937 1636 non
956 1609 1109 1636 sumus
1126 1596 1253 1636 Deus
1270 1601 1392 1646 tuus,

65 1664 233 1705 quaere
258 1664 395 1705 super
416 1664 514 1692 nos.
574 1652 861 1706 Interrogavi
883 1664 1016 1693 auras
1035 1651 1235 1702 flabiles,
1262 1657 1307 1692 et
1325 1652 1390 1691 in-

66 1709 164 1762 quit
192 1708 433 1749 universus
468 1710 548 1748 aer
572 1721 672 1748 cum
693 1708 858 1749 incolis
882 1710 996 1749 suis:
1028 1707 1205 1748 fallitur
1226 1709 1388 1748 Anaxi-

63 1775 243 1814 menes,
266 1777 358 1804 non
382 1777 480 1804 sum
495 1764 637 1804 Deus.
696 1764 984 1819 Interrogavi
1002 1765 1200 1815 coelum,
1227 1764 1387 1813 solem,

64 1818 238 1869 lunam,
262 1820 441 1860 stellasz
472 1832 620 1874 neque
643 1833 727 1860 nos
752 1833 906 1861 sumus
923 1820 1071 1871 Deus,
1096 1832 1230 1874 quem
1254 1833 1387 1875 quae-

66 1875 146 1925 ris,
164 1875 389 1928 inquiunt.
447 1875 507 1915 Et
524 1877 619 1916 dixi
637 1877 844 1917 omnibus
862 1878 939 1926 iis,
960 1889 1074 1931 quae
1095 1878 1390 1917 circumstant

65 1930 192 1971 fores
218 1931 366 1971 carnis
390 1943 537 1972 meae:
571 1932 750 1972 dixistis
775 1931 888 1973 mihi
911 1933 965 1973 de
989 1933 1090 1973 Deo
1115 1945 1239 1982 meo,
1267 1932 1389 1985 quod

64 1998 147 2027 vos
170 1999 262 2027 non
285 1987 416 2038 estis3
450 1987 588 2027 dicite
611 1986 721 2028 mihi
741 1988 795 2029 de
814 1989 894 2030 illo
915 1989 1102 2043 aliquid.
1162 1988 1221 2028 Et
1239 1988 1387 2028 excla-

63 2047 301 2083 maverunt
317 2055 430 2084 voce
448 2055 630 2097 magna:
661 2043 764 2096 Ipse
791 2044 904 2086 fecit
920 2058 1020 2086 nos.
1078 2044 1385 2097 Interrogatio

62 2110 184 2148 mea,
211 2099 407 2140 intentio
431 2110 554 2149 mea,
579 2104 625 2139 et
645 2102 888 2153 responsio
913 2112 1088 2150 eorum,
1114 2101 1291 2154 species
1311 2112 1386 2139 eo-

61 2165 174 2194 rum.
234 2154 293 2194 Et
310 2155 458 2196 direxi
479 2167 550 2194 me
575 2155 632 2195 ad
654 2167 747 2205 me,
773 2162 818 2196 et
843 2157 937 2196 dixi
959 2155 1090 2197 mihi:
1124 2162 1174 2195 tu
1193 2156 1291 2208 quis
1313 2154 1387 2194 θεῖ

65 2208 120 2249 Et
139 2211 374 2264 respondi:
406 2211 575 2252 Homo.
634 2211 694 2251 Et
712 2223 818 2253 ecce
840 2225 1003 2266 corpus
1024 2216 1069 2251 et
1086 2212 1234 2251 anima
1251 2211 1296 2250 in
1314 2221 1384 2250 me
