1473 2443
109 145 161 186 32
437 149 713 191 AURELII
744 151 1117 195 AUGUSTINI

113 242 200 283 que
226 230 490 283 miseretur,
517 246 682 287 cupere
710 247 810 276 esse
836 237 1053 287 miseros,
1078 242 1128 277 ut
1144 237 1427 280 misereatur.

113 286 371 327 Nonnullus
387 288 539 342 itaque
557 290 691 330 dolor
707 291 1041 345 adprobandus,
1053 293 1202 333 nullus
1214 293 1429 333 amandus

117 347 201 382 est.
262 343 367 383 Hoc
392 345 511 384 enim
537 350 606 395 tu,
631 345 827 388 Domine
845 347 991 398 Deus,
1019 349 1095 402 qui
1115 349 1286 388 animas
1307 361 1429 389 amas

114 397 253 451 longe
289 399 470 452 lateque
496 402 649 454 purius
675 415 806 456 quam
829 416 933 454 nos,
973 409 1019 444 et
1039 404 1431 458 incorruptibilius

115 454 372 504 misereris,
400 456 521 508 quod
544 457 669 497 nullo
697 459 857 499 dolore
876 460 1111 501 sauciaris.
1170 460 1228 499 Et
1247 458 1431 499 adhaec

116 509 216 562 quis
241 509 467 551 idoneus‘.l
495 513 551 552 At
570 525 656 567 ego
676 518 783 555 tunc
800 515 939 555 miser
958 515 1114 556 dolere
1134 516 1360 565 amabam,
1389 524 1433 555 et

116 565 412 617 quaerebam,
436 571 487 606 ut
510 573 635 609 esset
658 570 779 623 quod
805 570 1029 621 dolerem,
1062 571 1240 625 quando
1259 570 1368 611 mihi
1387 571 1431 610 in

115 632 332 661 aerumna
350 622 519 673 aliena,
547 629 592 663 et
611 624 730 665 falsa
751 630 796 666 et
813 625 1074 676 saltatoria,
1105 639 1159 667 ea
1175 628 1320 681 magis
1341 627 1431 680 pla-

116 676 249 716 cebat
261 678 381 717 actio
397 676 649 730 histrionis,
667 693 826 734 meque
840 682 1087 722 adliciebat
1108 681 1431 730 vehementius,

115 744 202 785 qua
234 731 346 772 mihi
369 734 583 775 lacrimae
610 737 972 778 excutiebantur.
1035 738 1154 786 Quid
1177 743 1327 778 autem
1353 738 1432 777 mi-

113 800 233 837 rum,
263 801 363 828 cum
381 789 544 831 infelix
563 804 701 844 pecus
721 793 937 833 aberrans
958 806 985 832 a
1002 806 1143 847 grege
1162 799 1263 843 tuo,
1291 799 1335 833 et
1353 794 1432 832 im-

114 844 291 897 patiens
306 846 543 886 custodiae
564 854 668 888 tuae
684 849 805 902 turpi
823 848 976 888 scabie
996 848 1236 890 foedarer‘!
1254 850 1311 889 Et
1327 849 1432 889 inde

118 903 248 938 erant
262 899 467 940 dolorum
489 915 683 953 amores,
705 917 793 944 non
809 904 975 954 quibus
994 905 1129 945 altius
1151 911 1432 959 penetrarer.

116 953 218 995 Non
238 956 354 995 enim
377 958 579 998 amabam
597 959 709 999 talia
727 961 916 1013 perpeti,
934 961 1085 1013 qualia
1104 966 1331 1014 spectare3
1353 961 1432 1001 sed

116 1010 278 1063 quibus
304 1012 471 1052 auditis
498 1019 544 1053 et
568 1015 685 1055 fictis
710 1021 937 1068 tamquam
965 1017 1009 1055 in
1035 1017 1277 1070 superficie
1305 1017 1433 1056 rade·

111 1078 207 1105 rer:
242 1079 354 1118 quos
382 1073 530 1108 tamen
560 1071 688 1123 quasi
714 1084 888 1125 ungues
915 1072 1212 1125 scalpentium
1232 1072 1434 1112 fervidus

113 1126 289 1172 tumor,
324 1128 369 1163 et
399 1124 550 1173 tabes,
589 1132 634 1166 et
666 1127 818 1167 sanies
838 1126 1025 1167 horrida
1051 1128 1430 1181 consequebatur.

115 1177 244 1217 Talis
269 1178 363 1218 vita
380 1192 494 1221 mea.
527 1180 755 1235 Numquid
775 1184 867 1222 vita
885 1188 996 1233 erat,
1016 1183 1141 1223 Deus
1170 1184 1324 1224 meus‘!

201 1233 248 1273 C.
275 1233 349 1274 lll.
409 1235 468 1275 Et
493 1237 851 1278 circumvolabat
876 1251 1011 1292 super
1029 1251 1099 1279 me
1122 1240 1271 1280 fidelis
1292 1252 1318 1278 a
1337 1240 1433 1279 lon-

114 1300 171 1342 ge
191 1289 512 1331 misericordia
531 1293 627 1334 tua!
656 1294 704 1333 In
726 1301 916 1347 quantas
934 1295 1198 1348 iniquitates
1220 1295 1433 1344 distabui,

115 1350 160 1384 et
182 1346 451 1399 sacrilegam
471 1349 783 1389 curiositatem
806 1355 988 1390 secutus
1009 1365 1128 1400 sum,
1155 1356 1205 1391 ut
1222 1351 1434 1391 deseren-

113 1408 205 1440 tem
232 1405 298 1451 te,
328 1402 579 1444 deduceret
603 1417 674 1452 me
701 1405 757 1445 ad
776 1406 867 1445 ima
883 1406 1024 1445 infida
1044 1412 1089 1446 et
1106 1407 1433 1447 circumvento-

111 1456 182 1495 ria
201 1456 422 1510 obsequia
438 1459 802 1511 daemoniorum,
825 1461 985 1515 quibus
1004 1462 1294 1502 immolabam
1312 1461 1434 1502 facta

112 1524 215 1552 mea
231 1514 369 1565 mala3
405 1520 450 1554 et
465 1516 510 1554 in
532 1517 739 1557 omnibus
759 1517 1026 1571 flagellabas
1045 1518 1136 1558 me!
1169 1519 1314 1558 Ausus
1335 1531 1432 1558 sum

114 1568 251 1617 etiam
293 1569 339 1608 in
381 1570 649 1612 celebritate
693 1573 1035 1613 solemnitatum
1068 1579 1269 1623 tuarum,
1312 1574 1433 1613 intra

111 1624 311 1677 parietes
333 1626 557 1667 ecclesiae
576 1632 703 1678 tuae,
726 1629 1050 1681 concupiscere
1072 1635 1117 1669 et
1136 1641 1272 1682 agere
1293 1642 1431 1682 nego-

110 1681 224 1720 tium
249 1682 520 1731 procurandi
551 1682 724 1731 fruetus
751 1685 928 1724 mortis.
988 1684 1115 1724 Unde
1134 1697 1205 1724 me
1223 1684 1431 1724 verbera=

113 1736 173 1775 sti
199 1735 412 1787 gravibus
431 1739 614 1789 poenis;
649 1739 731 1778 sed
751 1738 864 1778 nihil
883 1738 939 1778 ad
960 1739 1136 1791 culpam
1154 1753 1315 1789 meam,
1337 1753 1362 1780 o
1383 1746 1431 1779 tu

112 1791 408 1844 praegrandis
428 1793 744 1833 misericordia
761 1807 876 1843 mea,
896 1794 1022 1833 Deus
1040 1807 1183 1845 meus,
1203 1795 1430 1849 refugium

111 1859 259 1887 meum
288 1859 313 1885 a
341 1848 621 1888 terribilibus
648 1850 939 1899 nocentibus,
976 1850 1021 1889 in
1050 1852 1211 1904 quibus
1239 1857 1429 1905 vagatus

113 1916 211 1942 sum
249 1903 519 1955 praefidenti
559 1905 704 1955 collo,
740 1906 796 1945 ad
822 1906 958 1958 longe
985 1907 1291 1947 recedendum
1320 1920 1346 1946 a
1368 1912 1428 1956 te,

113 1971 267 1998 amans
289 1960 385 1998 vias
406 1972 529 1999 meas
552 1966 596 2000 et
615 1973 705 2000 non
724 1966 841 2011 tuas,
863 1973 1017 2001 amans
1036 1962 1275 2016 fugitivam
1294 1963 1429 2002 liber-

110 2014 271 2054 tatem!
304 2014 548 2055 Habebant
576 2021 621 2056 et
646 2017 727 2056 illa
746 2018 918 2067 studia,
953 2030 1066 2071 quae
1087 2018 1279 2058 honesta
1296 2030 1427 2057 voca-

109 2069 295 2119 bantur,
333 2070 514 2110 ductum
551 2084 680 2113 suum
714 2073 964 2113 intuentem
992 2072 1093 2114 fora
1113 2074 1343 2126 litigiosa,
1378 2079 1427 2113 ut

112 2125 386 2166 excellerem
411 2126 458 2165 in
478 2127 567 2177 eis,
604 2127 691 2169 hoc
717 2128 1014 2180 laudabilior,
1045 2142 1132 2182 quo
1165 2128 1425 2169 fraudulen-

110 2182 212 2221 tior.
244 2182 391 2234 'lfanta
405 2186 475 2222 est
494 2185 695 2224 coecitas
716 2182 946 2224 hominum
968 2186 1022 2225 de
1044 2186 1269 2225 coecitate
1290 2185 1424 2224 etiam

111 2233 424 2291 gloriantium!
482 2238 541 2280 Et
558 2241 703 2282 maior
722 2241 810 2283 iam
831 2254 952 2282 eram
970 2242 1016 2282 in
1037 2238 1194 2282 schola
1214 2239 1427 2290 rhetoris,
