1473 2443
105 99 157 138 443
424 100 706 142 AURELII
734 101 1103 169 AUGUSTINI

105 185 200 223 cari
224 195 306 237 pro
335 194 405 225 me
429 185 599 225 nollem
626 184 944 236 daemonibus,
971 187 1133 240 quibus
1155 199 1226 226 me
1250 187 1333 231 illa
1350 201 1417 228 su·

102 241 376 292 perstitione
402 241 499 294 ipse
521 241 847 282 sacrificabam.
910 243 1030 291 Quid
1054 248 1125 283 est
1151 243 1271 282 enim
1295 242 1420 283 aliud

100 301 248 336 ventos
263 309 466 349 pascere,
491 309 622 350 quam
638 297 764 350 ipsos
780 310 986 351 pascere,
1011 297 1101 339 hoc
1119 304 1202 349 est,
1221 299 1415 339 errando

104 352 169 391 eis
196 364 297 392 esse
326 352 552 404 voluptati
575 357 709 405 atque
736 354 932 395 derisui}

183 407 229 447 C.
256 407 331 448 ΙΙΙ.
369 408 570 461 Ideoque
595 409 701 449 illos
725 409 906 463 planos,
935 422 1049 463 quos
1074 408 1420 451 mathematicos

100 469 285 513 vocant,
305 463 438 516 plane
465 464 702 505 consulere
721 478 811 505 non
831 466 1128 515 desistebam,
1151 465 1273 518 quod
1292 467 1422 519 quasi

99 518 272 558 nullum
304 519 369 559 eis
405 525 529 560 esset
570 521 863 571 sacrificium,
906 526 951 561 et
988 522 1141 562 nullae
1173 534 1335 575 preces
1363 521 1418 561 ad

101 574 299 627 aliquem
352 576 560 629 spiritum
608 577 664 616 ob
712 577 1039 617 divinationem
1089 578 1417 630 dirigerentur3

101 630 222 682 quod
244 635 397 671 tamen
423 630 683 671 Christiana
711 638 756 673 et
778 645 887 672 vera
911 634 1059 685 pietas
1085 638 1420 685 consequenter

96 686 283 738 repellit
316 692 360 727 et
387 687 581 727 damnat.
640 687 817 730 Bonum
842 694 912 729 est
941 690 1057 728 enim
1085 689 1293 729 confiteri
1316 689 1416 737 tibi,

98 740 309 791 Domine,
331 748 377 782 et
392 743 565 783 dicere:
583 743 784 784 miserere
802 743 903 793 mei,
931 757 1037 784 cara
1055 744 1246 784 animam
1262 757 1415 793 meam,

100 797 497 851 qlconiampeceavi
512 798 620 848 tibi5
655 800 748 851 (Ps.
768 801 834 849 41,
854 800 914 851 5.)
947 813 1092 853 neque
1113 801 1169 840 ad
1185 801 1416 840 licentiam

99 854 320 905 peccandi
338 855 462 895 abuti
479 855 766 908 indulgentia
783 861 875 905 tua,
896 856 974 896 sed
993 857 1256 896 meminisse
1276 856 1415 895 domi-

99 910 229 949 nicae
259 911 406 950 vocis:
449 923 543 951 ecce
574 924 704 951 sanus
717 911 876 966 factus
905 925 974 961 es;
1004 911 1200 952 iamnoli
1216 925 1414 965 peccare,

99 978 150 1004 ne
166 964 270 1018 qaid
286 965 366 1006 tibi
381 966 566 1007 deterius
586 967 829 1021 contingat.
839 966 955 1018 (Ioh.
977 968 1017 1017 5,
1035 968 1121 1018 14.)
1185 967 1329 1016 Quam
1348 974 1416 1006 to-

99 1026 191 1060 tam
223 1021 293 1061 illi
327 1023 640 1062 salubritatem
663 1024 923 1063 interficere
952 1030 1194 1073 conantur,
1229 1036 1327 1062 cum
1355 1023 1418 1062 di-

100 1082 221 1120 cunt:
264 1078 318 1118 de
353 1079 484 1118 coelo
510 1079 593 1118 tibi
619 1084 689 1119 est
710 1079 990 1120 inevitabilis
1017 1092 1154 1119 causa
1178 1079 1418 1133 peccandi,

100 1139 163 1172 et:
182 1135 336 1177 Venus
355 1133 442 1174 hoc
461 1134 587 1184 fecit,
611 1140 688 1174 aut
707 1134 942 1187 Saturnus,
963 1140 1042 1175 aut
1058 1136 1204 1186 Mars3
1240 1136 1421 1175 scilicet

99 1194 148 1228 ut
170 1187 306 1229 homo
333 1191 430 1229 sine
457 1191 590 1243 culpa
614 1191 693 1240 sit,
729 1203 835 1231 caro
865 1196 911 1231 et
935 1192 1120 1245 sanguis
1156 1196 1201 1230 et
1225 1191 1420 1244 superba

98 1246 314 1297 putredo,
342 1246 589 1298 culpandus
616 1247 676 1286 sit
694 1251 845 1287 autem
863 1247 984 1287 coeli
1004 1260 1054 1286 ac
1074 1246 1273 1286 siderum
1294 1258 1418 1286 crea-

98 1305 173 1340 tor
197 1306 242 1340 et
263 1302 512 1342 ordinator.
571 1301 632 1341 Et
655 1303 754 1355 quis
780 1308 851 1343 est
877 1301 951 1342 hic
978 1303 1067 1343 nisi
1091 1302 1218 1342 Deus
1244 1308 1418 1352 noster,

99 1357 300 1396 suavitas
327 1362 372 1397 et
396 1358 527 1411 origo
554 1358 779 1409 iustitiae3
813 1359 889 1411 qui
911 1358 1067 1398 reddis
1085 1358 1330 1410 unicuique
1352 1370 1419 1398 se-

99 1412 292 1452 cundum
319 1425 460 1466 opera
488 1414 585 1454 eius
601 1444 612 1463 ‚
648 1419 692 1454 et
711 1427 790 1454 cor
808 1415 1053 1454 contritum
1073 1419 1118 1454 et
1136 1412 1419 1453 humiliatum

97 1480 187 1508 non
222 1469 425 1520 spernis}
454 1470 567 1509 Erat
592 1482 646 1509 eo
672 1476 877 1523 tempore
904 1471 973 1509 vir
994 1482 1136 1523 sagax
1165 1468 1417 1522 [Vindicia-

99 1537 182 1563 nus
198 1554 208 1573 ‚
229 1525 283 1564 de
306 1538 392 1577 quo
412 1526 504 1575 127,
525 1524 586 1578 6.]
608 1526 812 1566 medicae
833 1526 942 1566 artis
961 1526 1264 1578 peritissimus
1283 1532 1417 1578 atque

97 1580 142 1618 in
170 1591 224 1618 ea
247 1581 583 1630 nobilissimus,
607 1582 684 1634 qui
709 1594 790 1634 pro
820 1582 1008 1622 consule
1033 1594 1168 1621 manu
1188 1593 1270 1620 sua
1288 1593 1423 1621 coro-

99 1647 201 1673 nam
238 1636 363 1675 illam
397 1638 699 1690 agonisticam
722 1638 1003 1690 imposuerat
1026 1649 1117 1676 non
1143 1648 1253 1675 sano
1281 1635 1414 1688 capiti

96 1702 215 1740 meo,
236 1691 423 1731 sednon
440 1697 490 1731 ut
506 1693 723 1732 medicus.
783 1692 897 1732 Nam
915 1693 1037 1732 illius
1056 1692 1204 1732 morbi
1221 1697 1269 1730 tu
1289 1703 1418 1731 sana-

97 1751 192 1795 tor,
218 1747 295 1799 qui
318 1748 496 1787 resistis
523 1748 752 1800 superbis,
778 1747 1023 1787 humilibus
1043 1753 1190 1787 autem
1218 1747 1297 1786 das
1316 1760 1416 1800 gra-

98 1803 222 1842 tiam.
281 1801 510 1856 Numquid
528 1809 679 1843 tamen
699 1804 834 1842 etiam
853 1815 934 1856 per
951 1803 1079 1842 illum
1099 1815 1250 1843 senem
1273 1802 1415 1842 defui-

99 1860 158 1897 sti
189 1855 321 1907 mihi,
354 1864 432 1898 aut
464 1859 682 1898 destitisti
713 1859 887 1899 mederi
912 1860 1087 1898 animae
1111 1858 1265 1898 meae?
1299 1859 1416 1906 Quia

99 1914 218 1952 onim
243 1912 391 1954 factus
418 1915 460 1953 ei
486 1927 606 1954 eram
625 1913 918 1964 familiarior,
947 1921 992 1955 et
1011 1915 1107 1954 eius
1128 1915 1413 1954 sermonibus

98 1970 247 2018 (crant
280 1970 399 2009 enim
428 1970 525 2010 sine
551 1970 792 2010 verborum
820 1971 943 2010 cultu
968 1971 1210 2010 vivacitate
1236 1976 1413 2011 senten-

97 2026 261 2064 tiarum
282 2026 470 2065 iocundi
495 2031 540 2066 et
557 2028 745 2080 graves)
774 2026 990 2066 adsiduus
1012 2031 1057 2066 et
1075 2026 1189 2065 fixus
1207 2024 1413 2064 inhaere-

94 2080 212 2120 bam.
242 2081 330 2122 Ubi
348 2083 565 2135 cognovit
584 2094 640 2121 ex
658 2081 890 2135 colloquio
909 2095 1027 2132 meo,
1046 2082 1174 2121 libris
1193 2079 1414 2134 genethli-

97 2150 282 2178 acorum
311 2150 412 2178 esse
444 2150 515 2177 me
542 2138 765 2187 deditum,
797 2138 994 2193 benigne
1024 2151 1075 2177 ac
1107 2141 1295 2189 paterne
1319 2150 1412 2175 mo-

95 2195 207 2242 nuit,
228 2199 278 2236 ut
295 2207 374 2236 eos
394 2194 652 2243 abjicerem,
672 2206 818 2248 neque
839 2208 990 2236 curam
1007 2200 1052 2236 et
1070 2205 1251 2246 operam
1276 2193 1411 2232 rebus
