1473 2443
91 126 167 166 178
403 128 671 170 AURELIl
700 129 1063 174 AUGUSTINI

87 209 223 250 facile
243 210 434 252 dixerit&
491 212 685 254 Nomino
705 215 867 268 quippe
885 215 1102 269 lapidem,
1122 215 1306 256 nomino
1327 228 1396 256 so·

88 266 194 315 lem,
222 279 320 306 cum
342 279 416 308 res
436 268 558 321 ipsae
577 281 667 309 non
685 270 849 310 adsunt
867 271 1075 312 sensibus
1093 272 1229 324 meis3
1248 270 1290 310 in
1309 283 1398 311 me-

87 322 232 361 moria
255 335 362 362 sane
388 336 488 364 mea
512 329 695 378 praesto
720 331 824 366 sunt
839 326 1062 381 imagines
1083 340 1249 368 earum.
1310 325 1400 367 No-

87 378 207 416 mino
241 378 447 419 dolorem
475 380 703 434 corporis,
736 394 819 421 nec
840 381 951 422 mihi
975 383 1124 433 adest,
1159 383 1262 423 dum
1285 381 1397 421 nihil

88 432 234 483 dolet,
267 434 356 474 nisi
388 439 537 475 tamen
572 436 755 476 adesset
784 438 935 492 imago
971 441 1068 479 eius
1101 440 1147 478 in
1178 438 1400 479 memoria

86 500 200 537 mea,
221 490 457 540 nescirem,
480 491 587 545 quid
607 492 817 543 dicerem,
838 506 921 534 nec
940 506 1040 534 eum
1058 495 1101 534 in
1123 493 1396 547 disputando

87 557 113 583 a
129 544 362 597 voluptate
383 547 703 588 discernerem.
750 548 944 589 Nomine
965 551 1156 591 salutem
1176 550 1398 604 corporis,

88 612 187 639 cum
204 600 355 641 salvus
374 615 470 641 sum
491 615 702 656 corpore:
723 605 852 644 adest
868 604 975 645 mihi
996 606 1175 659 quidem
1194 618 1266 645 res
1285 606 1398 658 ipsa,

86 667 240 695 verum
259 661 409 697 tamen
442 658 526 698 nisi
548 664 593 698 et
622 660 773 713 imago
801 661 896 700 eius
919 662 1093 701 inesset
1112 663 1158 701 in
1182 661 1403 701 memoria

86 723 205 760 mea,
239 712 363 752 nullo
398 714 533 754 modo
568 715 857 765 recordarer,
897 716 1003 769 quid
1039 715 1169 757 huius
1202 717 1398 756 nominis

86 767 366 820 significaret
390 782 548 820 sonus3
582 783 665 810 nec
689 776 981 823 aegrotantes
1008 777 1310 825 agnoscerent
1332 784 1398 811 sa-

88 822 180 862 lute
205 824 454 873 nominata,
485 825 590 878 quid
610 832 732 866 esset
751 827 939 877 dictum,
965 828 1053 868 nisi
1072 828 1227 867 eadem
1246 829 1396 880 imago

88 879 128 917 vi
158 881 404 919 memoriae
433 886 685 932 teneretur,
720 885 921 935 quamvis
945 884 1045 936 ipsa
1070 896 1143 923 res
1168 883 1349 923 abesset
1375 895 1400 921 a

87 946 292 986 corpore.
352 935 546 976 Nomino
582 950 793 978 numeros
829 939 989 992 quibus
1014 951 1321 987 numeramus,
1355 943 1400 977 et

86 988 250 1028 adsunt
280 991 325 1029 in
358 992 577 1031 memoria
607 1006 709 1033 mea
740 1006 830 1033 non
861 994 1083 1047 imagines
1112 1007 1288 1043 eorum,
1319 993 1401 1033 sed

86 1044 186 1096 ipsi.
246 1044 440 1086 Nomino
468 1048 712 1101 imaginem
737 1050 872 1099 solis,
898 1056 943 1090 et
967 1049 1078 1090 haec
1101 1051 1231 1090 adest
1248 1051 1292 1089 in
1310 1061 1399 1088 me-

85 1100 230 1139 moria
270 1113 389 1152 mea3
437 1115 582 1156 neque
617 1106 735 1144 enim
768 1105 1010 1158 imaginem
1043 1106 1252 1159 imaginis
1287 1105 1399 1154 eius,

86 1156 165 1195 sed
184 1156 326 1208 ipsam
344 1158 522 1209 recolo;
541 1160 640 1212 ipsa
657 1159 767 1200 mihi
785 1162 1094 1200 reminiscenti
1112 1165 1293 1213 praesto
1315 1165 1397 1200 est.

86 1210 280 1252 Nomino
299 1215 577 1263 memoriam,
599 1221 643 1254 et
661 1228 861 1268 agnosco
882 1217 1001 1269 quod
1021 1218 1216 1257 nomino.
1248 1217 1306 1255 Et
1323 1216 1400 1255 ubi

86 1278 287 1320 agnosco
315 1270 403 1309 nisi
425 1270 469 1308 in
496 1270 594 1322 ipsa
612 1271 855 1311 memorias}
884 1272 997 1312 Num
1019 1277 1063 1312 et
1083 1273 1181 1326 ipsa
1196 1284 1278 1325 per
1294 1273 1401 1311 ima-

87 1324 236 1376 ginem
256 1337 382 1364 suam
401 1325 484 1364 sibi
506 1325 649 1375 adest,
672 1339 828 1366 aenon
850 1340 929 1380 per
946 1340 994 1367 se
1012 1328 1181 1380 ipsam?

171 1379 217 1418 C.
244 1379 362 1420 XVI.
424 1381 543 1429 Quid
574 1394 673 1421 cum
708 1383 984 1423 oblivionem
1016 1385 1225 1432 nominc,
1264 1386 1397 1434 atque

85 1434 243 1475 itidem
269 1448 468 1489 agnosco
490 1437 610 1490 quod
627 1439 827 1488 nomino,
847 1439 965 1478 unde
984 1450 1293 1492 agnoscerem,
1314 1438 1402 1477 nisi

87 1491 418 1531 meminissem'ss
476 1493 577 1532 Non
617 1494 823 1534 eumdem
862 1507 1021 1534 sonum
1054 1495 1246 1534 nominis
1281 1493 1399 1540 dic-o,

88 1547 167 1586 sed
185 1559 279 1586 rem
301 1561 431 1600 quam
451 1549 694 1602 significat,
716 1563 846 1602 quam
865 1551 902 1590 si
922 1551 1089 1590 oblitus
1109 1562 1271 1598 essem,
1292 1548 1397 1600 quid

88 1601 166 1641 ille
199 1603 373 1643 valeret
405 1616 564 1653 sonus,
601 1617 852 1658 agnoscere
885 1608 1038 1659 utique
1072 1618 1158 1645 non
1186 1604 1397 1643 valerem.

89 1657 208 1711 Ergo
229 1671 327 1698 cum
344 1661 607 1700 memoriam
626 1662 822 1710 memini,
844 1673 924 1714 per
942 1674 989 1700 se
1009 1663 1150 1712 ipsam
1170 1660 1253 1699 sibi
1273 1671 1399 1712 prae-

87 1717 157 1752 sto
185 1720 253 1753 est
270 1716 370 1766 ipsa
386 1718 626 1766 memoria3
661 1729 759 1756 cum
780 1728 885 1755 vero
905 1716 1087 1756 memini
1107 1715 1397 1763 oblivionem,

88 1773 133 1807 et
154 1770 373 1809 memoria
395 1776 578 1822 praesto
602 1777 672 1811 est
690 1777 736 1811 et
753 1772 922 1811 oblivio
936 1802 946 1820 ‚
971 1772 1189 1811 memoria
1207 1782 1294 1823 qua
1310 1782 1398 1809 me-

87 1824 312 1874 minerim,
349 1826 518 1865 oblivio
554 1839 684 1879 quam
718 1827 1012 1867 meminerim.
1074 1826 1162 1866 Sed
1199 1826 1303 1879 quid
1330 1830 1399 1865 est

89 1879 258 1919 oblivio
307 1880 393 1920 nisi
417 1883 610 1933 privatio
634 1882 906 1922 memorian
939 1882 1176 1930 Quomodo
1197 1894 1305 1935 ergo
1326 1882 1398 1920 ad-

89 1939 176 1984 est,
195 1939 243 1974 ut
260 1947 356 1975 eam
374 1937 675 1987 meminerim,
696 1938 872 1991 quando
894 1951 991 1978 cum
1013 1938 1155 1987 adest,
1175 1937 1398 1977 meminis-

87 2002 134 2029 se
160 2003 248 2030 non
275 1992 482 2043 possum&
511 1993 567 2031 At
604 1993 643 2032 si
681 1994 785 2045 quid
825 1994 1126 2042 meminimus,
1179 1992 1398 2032 memoria

86 2046 351 2097 retinemus;
401 2048 674 2087 oblivionem
722 2054 869 2088 autem
904 2050 987 2089 nisi
1021 2049 1396 2096 meminissemus,

87 2113 366 2155 nequaquam
388 2116 647 2156 possemus,
668 2105 823 2145 audito
842 2106 932 2144 isto
953 2105 1148 2152 nomine,
1166 2115 1263 2143 rem
1283 2115 1396 2156 quae

86 2157 165 2196 illo
200 2158 484 2212 significatur
506 2171 771 2212 agnoscere.
830 2160 1053 2200 Memoria
1076 2159 1298 2198 retinetur
1322 2158 1396 2197 ob-

87 2213 211 2254 livio.
271 2213 410 2254 Adest
428 2226 553 2268 ergo,
571 2227 624 2255 ne
645 2214 978 2267 obliviscamur,
1001 2227 1114 2272 quae
1135 2228 1231 2255 cum
1254 2214 1396 2262 adest,
