1473 2443
74 142 153 183 130
399 142 668 183 AURELII
695 142 1056 185 AUGUSTINI

73 226 195 290 quod
217 226 302 266 tibi
324 227 650 280 responderem
668 227 834 268 dicenti
853 226 1267 283 mihi13urge,qni
1282 229 1379 270 dor-

71 282 170 331 mis,
196 289 240 322 et
261 295 445 336 easurge
469 296 495 322 a
517 282 720 332 mortuis,
755 290 797 323 et
820 261 1112 324 illuminabit0
1103 291 1143 324 te
1164 283 1376 326 Christus.

72 313 315 391 (pres.5‚
336 339 420 388 14)
444 338 501 378 Et
522 339 720 392 undique
745 339 1005 379 ostendenti
1021 352 1129 379 vera
1145 345 1189 380 te
1210 340 1377 404 dicere,

70 406 162 433 non
195 398 293 433 erat
317 394 498 434 omnino
525 395 644 447 quod
666 395 990 447 responderem
1012 396 1204 435 veritate
1230 397 1380 435 convi-

74 455 192 496 ctus,
216 449 305 488 nisi
329 453 501 489 tantum
523 450 662 490 verba
684 450 806 489 lenta
829 455 875 490 et
892 451 1195 491 somnolenta:
1227 451 1383 500 modo,

75 516 180 545 ecce
199 504 350 554 modo,
370 505 467 545 sine
486 505 729 558 paululum.
792 504 881 546 Sed
899 507 1052 556 modo,
1074 512 1119 546 et
1135 507 1271 546 modo
1292 518 1382 546 non

73 559 300 602 habebant
316 561 517 611 modum;
552 567 597 601 et
614 562 710 601 sine
728 561 978 614 paululum,
1001 563 1047 601 in
1066 563 1251 615 longum
1272 563 1382 602 ibat.

71 616 261 656 Frustra
273 616 624 657 condelectabar
636 617 729 670 legi
742 623 845 657 tuae
862 618 1105 657 secundum
1119 618 1385 657 interiorem

74 671 320 721 hominem,
346 685 446 712 cum
468 672 543 715 lex
565 673 656 713 alia
678 673 723 712 iu
746 673 958 713 membris
978 674 1090 713 meis
1109 678 1385 725 repugnaret

73 728 168 782 legi
189 728 353 768 mentis
376 740 525 779 meae,
551 734 596 768 et
620 729 845 782 captivum
867 740 936 768 me
963 729 1149 769 duceret
1171 729 1216 767 in
1235 730 1385 781 legem

74 784 270 838 peccati,
312 796 426 837 quae
462 784 509 823 in
540 785 750 824 membris
783 785 895 824 meis
931 790 1040 824 erat.
1099 784 1209 824 Lex
1248 785 1383 823 enim

73 840 284 893 peccati
313 844 392 879 est
415 840 679 880 violentia
703 840 1133 889 consuetudinis,
1164 852 1261 893 qua
1282 845 1383 879 tra-

75 895 220 935 hitur
243 901 293 935 et
315 900 532 936 tenetur
555 897 714 936 etiam
735 896 933 936 invitus
959 896 1179 944 animus,
1206 907 1264 934 eo
1288 907 1383 934 me-

75 951 201 1000 rito,
242 963 341 1005 quo
380 951 431 990 in
470 964 581 992 eam
616 952 803 992 volens
842 952 1106 992 illabitur.
1166 952 1384 991 Miserum

76 1019 186 1060 ergo
210 1019 279 1047 me
298 1007 397 1061 quis
416 1007 634 1048 liberaret
655 1008 708 1047 de
729 1019 921 1059 corpore
939 1008 1100 1046 mortis
1119 1005 1273 1056 huius,
1298 1006 1386 1045 nisi

75 1062 224 1116 gratia
239 1067 318 1102 tua
334 1074 414 1116 per
432 1063 580 1103 Iesum
598 1062 825 1102 Christum
842 1062 1085 1102 Dominum
1102 1061 1331 1101 nostrian

159 1118 207 1159 C.
229 1116 304 1158 VI.
363 1118 421 1158 Et
444 1119 497 1158 de
521 1119 702 1159 vinculo
730 1118 910 1171 quidem
935 1118 1149 1157 desiderii
1175 1117 1385 1156 concubi-

72 1178 162 1223 tus,
181 1186 268 1226 quo
289 1175 543 1214 arctissimo
561 1175 770 1223 tenebar,
796 1178 839 1213 et
858 1173 1160 1213 saecularium
1177 1173 1386 1225 negotio-

75 1242 173 1268 rum
197 1230 415 1269 servitute
443 1230 820 1283 quemadmodum
846 1241 912 1269 me
933 1229 1155 1269 exemeris
1175 1229 1385 1276 narrabo,

75 1290 120 1324 et
142 1285 396 1325 confitebor
420 1286 589 1325 nomini
611 1291 711 1335 tuo,
736 1284 952 1334 Domine,
986 1285 1169 1323 adiutor
1189 1296 1315 1323 meus
1342 1288 1388 1322 et

73 1341 304 1380 redemtor
334 1353 474 1381 meus.
533 1341 733 1394 Agebam
766 1340 903 1380 solita
926 1345 1158 1380 crescente
1183 1340 1386 1378 anxietu-

76 1397 202 1446 dine,
237 1401 283 1436 et
316 1397 521 1449 quotidie
555 1397 837 1449 suspirabam
867 1396 965 1436 tibi.
1023 1395 1387 1448 Flequentabam

75 1452 317 1492 ecclesiam
329 1458 465 1502 tuam,
482 1457 733 1506 quantumv
738 1452 897 1492 acabat
915 1453 968 1491 ab
990 1452 1055 1491 eis
1074 1451 1288 1503 negotiis,
1304 1450 1386 1489 sub

75 1519 266 1561 quorum
301 1508 502 1561 pondere
540 1509 788 1562 gemebam.
847 1508 1028 1547 Mecum
1065 1512 1163 1546 erat
1197 1505 1385 1558 Alypius

76 1564 252 1603 otiosus
286 1565 341 1604 ab
376 1576 512 1616 opere
545 1564 913 1615 iur·ispe1itorum
945 1567 1048 1616 post
1074 1561 1386 1601 adsessionem

73 1619 274 1668 tertiam,
296 1624 563 1672 exspectans
584 1620 743 1672 quibus
762 1620 925 1658 iterum
944 1617 1136 1657 consilia
1152 1631 1178 1655 v
1183 1615 1385 1664 endeiet,

74 1674 191 1714 sicut
207 1686 292 1727 ego
308 1675 557 1714 vendebam
572 1675 751 1714 dicendi
768 1673 1043 1721 facultatem,
1059 1673 1098 1711 si
1117 1684 1204 1734 qua
1222 1671 1384 1711 docen-

76 1729 133 1769 do
157 1730 380 1783 praestari
406 1735 567 1783 potest.
626 1729 870 1769 Nebiidius
895 1734 1043 1767 autem
1062 1726 1288 1767 amicitiae
1307 1738 1385 1765 no-

75 1792 196 1825 strae
232 1790 453 1833 cesserat,
490 1790 536 1824 ut
571 1785 770 1824 omnium
801 1788 1005 1823 nostlum
1026 1782 1383 1822 familialissimo

74 1840 333 1880 verecundo
362 1840 699 1880 Mediolanensi
721 1840 808 1880 civi
832 1844 877 1878 et
899 1839 1193 1892 grammatico
1221 1837 1384 1877 subdo-

76 1900 220 1945 ceret,
253 1894 544 1935 vehementer
573 1894 850 1935 desideranti
873 1901 918 1934 et
938 1893 1263 1934 familiaritatis
1285 1893 1384 1931 iule

75 1951 300 2004 flagitanti
333 1950 387 1989 de
418 1963 602 1990 numeio
626 1955 783 1990 nostlo
809 1949 943 1990 fidele
968 1950 1262 1997 adiutorium,
1295 1959 1383 2000 quo

76 2006 310 2059 indigebat
341 2007 486 2045 nimis.
546 2004 647 2045 Non
679 2007 831 2058 itaoue
864 2005 1128 2046 Nebridium
1161 1978 1384 2056 cupiditas

77 2061 416 2102 commodorum
441 2074 495 2101 eo
515 2061 654 2101 traxit
678 2062 869 2108 (maiora
893 2062 1010 2103 enim
1031 2065 1206 2114 posset,
1232 2059 1272 2098 si
1292 2072 1318 2096 v
1311 2057 1384 2097 el-

75 2119 141 2158 let
166 2117 220 2157 de
245 2117 389 2157 litelis
414 2129 522 2170 agel
528 2120 593 2167 e),
624 2116 705 2156 sed
730 2117 878 2156 officio
902 2115 1248 2156 benevolentiae
1272 2113 1384 2165 peti-

74 2175 246 2214 tionem
277 2177 477 2212 nostram
507 2177 795 2212 contemnere
819 2172 965 2211 noluit
987 2171 1155 2211 amicus
1179 2168 1384 2209 dulcissi-

76 2242 170 2270 mus
196 2233 241 2269 et
261 2228 539 2269 mitissimus.
598 2227 773 2282 Agebat
795 2232 943 2268 autem
959 2226 1070 2269 illud
1090 2223 1384 2280 prudentissi-
