1514 2438
298 123 826 168 CONFESSIONUM
855 126 1058 169 LIBER
1087 127 1198 169 XII.
1329 126 1410 167 245

86 212 176 253 lem
202 211 416 266 corporei
431 210 587 251 mundi
604 210 736 253 huius
757 225 857 252 cum
875 213 1082 253 omnibus
1096 243 1106 263 ,
1137 225 1247 268 quas
1267 213 1407 253 conti-

85 273 184 318 net,
216 266 473 308 manifestis
504 268 717 322 notisque
743 269 931 309 naturis.
989 269 1143 320 Aliud,
1179 268 1255 322 qui
1279 268 1410 309 dicit:

89 324 136 365 in
160 323 382 377 principio
397 323 518 379 fecit
540 321 660 364 Deus
694 326 855 365 coelam
882 331 925 365 et
946 331 1134 376 terram,
1167 325 1216 365 id
1241 330 1332 375 est,
1363 325 1413 365 in

96 380 246 421 Verbo
271 393 353 421 suo
373 380 460 420 sibi
478 385 724 421 coaeterno
742 380 855 422 fecit
870 381 995 422 Deus
1014 381 1256 422 informem
1272 386 1412 422 mate-

89 437 206 476 riam
230 441 466 477 creaturae
490 437 767 490 corporalis,
790 438 869 478 ubi
893 438 1131 479 confusum
1149 436 1298 478 adhue
1316 443 1415 478 erat

91 493 272 533 coelum
297 498 344 533 et
364 497 508 542 terra,
535 505 650 547 quae
676 494 903 534 nunciam
929 495 1146 535 distincta
1169 499 1305 548 atque
1320 493 1414 534 for-

88 553 213 589 mata
234 549 282 588 in
303 548 437 589 istius
466 549 621 590 mundi
639 550 759 590 mole
779 551 1014 592 sentimus.
1073 551 1225 601 Aliud,
1254 551 1331 605 qui
1349 550 1413 590 di-

88 605 171 646 cit:
201 603 248 645 in
266 603 488 658 principio
499 604 618 661 fecit
640 604 762 647 Deus
785 601 948 648 coelam
973 614 1016 648 et
1039 614 1226 657 terram,
1254 607 1302 646 id
1327 612 1412 655 est,

86 661 134 701 in
166 661 266 715 ipso
302 660 491 711 exordio
519 660 724 702 faciendi
745 668 881 717 atque
907 663 1126 716 operandi
1151 663 1264 704 fecit
1286 662 1414 703 Deus

88 716 335 757 informem
372 718 611 758 materiam
649 718 839 759 confuse
878 718 1120 760 habentem
1154 720 1335 760 coelum
1369 724 1415 759 et

88 782 279 824 terram,
303 773 424 813 unde
442 772 640 815 formata
656 788 776 816 nunc
794 776 993 817 eminent
1011 782 1056 817 et
1073 776 1294 829 adparent
1311 788 1413 816 cum

88 829 314 879 omnibus,
334 841 450 883 quae
468 829 515 869 in
533 831 598 870 eis
621 836 738 872 sunt.

172 885 220 927 C.
245 885 368 926 XXI.
427 885 566 937 Item,
591 886 713 941 quod
739 887 913 928 adtinet
939 889 995 928 ad
1013 888 1295 929 intellectum
1314 900 1412 928 ver-

86 940 251 982 borum
276 943 583 996 sequentium,
609 955 665 984 ex
687 944 781 984 illis
809 945 1015 985 omnibus
1040 945 1160 985 veris
1182 944 1308 984 aliud
1325 944 1414 984 sibi

89 997 236 1048 tollit,
261 998 339 1051 qui
365 997 495 1038 dicit:
528 1005 649 1040 terra
667 1007 812 1040 autem
830 1008 929 1041 erat
942 1000 1169 1041 invisibilis
1190 1008 1232 1041 et
1247 1001 1410 1041 incom-

81 1052 254 1107 posita,
274 1060 318 1094 et
334 1053 536 1094 tenebrae
555 1062 685 1096 erant
698 1069 827 1110 saper
845 1057 1060 1112 abyssum,
1079 1058 1127 1098 id
1146 1063 1230 1107 est,
1251 1069 1412 1111 corpo-

86 1109 184 1150 rale
201 1109 337 1158 illud,
360 1111 484 1164 quod
500 1109 612 1152 fecit
628 1111 774 1163 Deus,
799 1111 946 1154 adhuc
963 1115 1178 1154 materies
1198 1120 1296 1154 erat
1315 1125 1413 1153 cor-

86 1177 331 1220 porearum
365 1178 519 1207 rerum
557 1167 768 1210 informis
807 1170 904 1210 sine
940 1171 1121 1220 ordine,
1162 1171 1259 1211 sine
1291 1170 1410 1210 luce.

86 1222 244 1275 Aliud,
267 1222 346 1278 qui
366 1222 499 1264 dicit:
531 1229 652 1265 terra
670 1232 815 1266 autem
835 1233 933 1266 erat
947 1226 1172 1267 invisibilis
1191 1233 1230 1267 et
1248 1225 1412 1266 incom-

79 1278 245 1334 posita,
266 1286 310 1320 et
326 1278 530 1321 tenebrae
546 1287 676 1321 erant
689 1294 818 1335 saper
835 1282 1048 1336 abyssum,
1068 1283 1116 1322 id
1135 1287 1220 1331 est,
1242 1280 1326 1321 hoc
1344 1288 1413 1321 to-

86 1342 203 1386 tum,
228 1336 351 1390 quod
370 1336 549 1377 eoelum
568 1342 614 1376 et
629 1341 753 1377 terra
770 1338 1047 1392 adpellatum
1068 1343 1156 1388 est,
1183 1337 1329 1377 adhuc
1347 1338 1413 1378 in-

87 1391 249 1432 formis
283 1398 330 1433 et
351 1392 599 1432 tenebrosa
618 1393 834 1434 materies
861 1399 976 1445 erat,
1013 1394 1129 1434 unde
1153 1393 1286 1434 fieret
1310 1406 1413 1434 eoe-

86 1447 181 1488 lum
198 1459 472 1501 corporeum
490 1452 536 1488 et
551 1452 675 1488 terra
693 1461 917 1503 corporea
934 1463 1035 1491 cum
1053 1449 1276 1500 omnibus,
1297 1462 1412 1503 quae

86 1504 134 1544 in
161 1504 228 1545 eis
252 1508 378 1555 sunt,
404 1505 641 1558 corporeis
661 1505 870 1546 sensibus
890 1512 1011 1547 nota.
1072 1507 1226 1557 Aliud,
1252 1506 1327 1560 qui
1347 1506 1411 1545 di-

90 1561 171 1600 cit:
205 1567 326 1601 terra
344 1566 489 1600 autem
507 1568 605 1601 erat
619 1560 843 1602 invisibilis
863 1569 904 1602 et
919 1562 1223 1617 incomposita,
1238 1570 1281 1603 et
1297 1570 1411 1603 tene-

94 1615 198 1657 brae
230 1623 359 1657 erant
379 1629 510 1670 saper
534 1617 751 1671 abyssum,
781 1619 829 1659 id
848 1623 938 1669 est,
972 1618 1060 1660 hoc
1083 1625 1251 1669 totum,
1287 1619 1411 1672 quod

87 1673 267 1714 coelum
299 1678 346 1713 et
376 1677 502 1713 terra
534 1673 811 1727 adpellatum
835 1680 925 1725 est,
959 1675 1107 1716 adhuc
1128 1675 1337 1716 informis
1365 1681 1412 1716 et

84 1728 334 1770 tenebrosa
355 1729 572 1770 materies
598 1735 714 1781 erat,
739 1732 858 1772 unde
881 1732 1014 1773 fieret
1038 1732 1218 1773 coelum
1241 1731 1410 1772 intelli-

86 1785 252 1838 gibile,
276 1785 399 1838 quod
417 1785 527 1826 alibi
546 1785 713 1827 dicitur
732 1788 910 1828 eoelum
931 1788 1072 1839 coeli,
1099 1795 1144 1829 et
1159 1793 1304 1838 terra,
1324 1788 1411 1828 sci-

83 1840 197 1881 licet
214 1841 360 1881 omnis
379 1846 541 1882 natura
560 1854 805 1896 corporea,
831 1845 913 1885 sub
934 1857 1022 1899 quo
1042 1846 1225 1886 nomine
1242 1845 1410 1885 intelli-

85 1902 221 1951 gatur
240 1898 378 1937 etiam
395 1895 484 1937 hoc
502 1898 681 1939 coelum
701 1912 994 1954 corporeum3
1025 1901 1073 1942 id
1090 1906 1175 1952 est,
1193 1900 1313 1941 unde
1332 1900 1410 1940 fie-

83 1958 157 1993 ret
193 1953 338 1993 omnis
378 1952 624 1996 invisibilis
654 1956 941 2010 visibilisque
975 1963 1200 1998 creatura.
1258 1956 1410 2005 Aliud,

88 2009 166 2062 qui
191 2009 323 2049 dicit:
356 2014 479 2049 terra
500 2017 645 2051 autem
669 2018 768 2053 erat
787 2012 1014 2055 invisibilis
1037 2020 1080 2054 et
1099 2010 1407 2065 incomposita,

87 2071 131 2105 et
160 2064 364 2106 tenebrae
388 2071 519 2105 erant
535 2078 664 2120 saper
686 2068 886 2123 abyssum
893 2083 913 2118 ;
943 2082 1034 2110 non
1055 2069 1183 2110 illam
1203 2066 1410 2108 informi-

84 2125 227 2160 tatem
240 2121 424 2161 nomine
440 2121 560 2161 coeli
578 2128 624 2163 et
640 2130 792 2166 terrae
807 2128 1035 2179 scriptura
1051 2123 1313 2178 adpellavit‚
1327 2123 1411 2164 sed

86 2176 177 2216 iam
201 2181 319 2227 erat,
342 2178 512 2230 inquit,
536 2178 636 2232 ipsa
658 2181 938 2232 informitas,
966 2194 1098 2236 quam
1112 2187 1280 2221 terram
1299 2179 1411 2219 invi-

88 2232 270 2274 sibilem
303 2238 350 2274 et
384 2233 737 2288 incompositam
771 2238 1155 2291 tenebrosamque
1195 2236 1411 2291 abyssum
