1473 2443
79 146 160 184 280
407 145 682 187 AURELII
710 146 1075 189 AUGUSTINI

77 231 349 283 inspirante,
384 231 505 283 quod
539 242 595 271 ex
627 230 693 271 eis
718 231 868 272 verbis
894 232 1084 273 voluisti
1106 236 1156 272 ut
1180 232 1392 274 dicerem.

78 285 236 338 Neque
263 285 381 324 enim
404 286 495 326 alio
517 292 701 339 praeter
720 292 767 328 te
794 287 1044 342 inspirante
1069 288 1207 330 credo
1230 301 1301 329 me
1324 302 1392 329 ve-

76 354 175 380 rum
201 341 376 390 dicere,
411 354 510 381 cum
533 347 583 382 tu
603 342 669 382 sis
691 345 881 395 veritas3
913 344 1057 384 omnis
1082 349 1230 384 autem
1255 343 1391 386 homo

77 396 285 437 mendax.
344 396 403 436 Et
423 397 552 448 ideo,
579 398 655 452 qui
676 399 880 453 loquitur
900 400 1205 451 mendacium,
1229 400 1284 440 de
1309 413 1392 440 suo

76 452 294 505 loquitur.
354 452 499 506 Ergo,
535 458 584 494 ut
614 466 770 494 verum
801 454 982 508 loquar,
1017 455 1071 496 de
1105 461 1182 495 tuo
1216 456 1391 509 loquar.

78 508 197 547 Ecce
221 506 378 548 dedisti
398 508 520 548 nobis
537 508 584 548 in
602 522 742 550 escam
761 509 1081 566 omnefoenum
1097 511 1303 561 sativam,
1329 525 1391 552 se-

78 563 249 603 minans
270 576 433 614 semen,
461 564 579 617 qnod
593 570 657 605 est
670 579 799 620 super
816 579 983 607 omnem
1002 572 1184 616 terram,
1212 574 1255 606 et
1271 580 1395 607 omne

79 619 266 673 lignum,
294 619 410 673 quod
430 616 565 660 habet
581 619 629 661 in
650 634 693 661 se
703 621 913 683 fructum
934 621 1105 663 seminis
1123 622 1280 671 sativi;
1311 635 1395 662 nec

79 675 211 715 nobis
238 676 372 725 solis,
397 676 479 717 sed
496 682 540 717 et
555 675 750 717 omnibus
767 676 917 718 avibus
934 677 1060 727 coeli,
1087 684 1128 718 et
1146 678 1290 718 bestiis
1309 686 1393 718 ter-

80 744 176 780 rae,
213 738 345 785 atque
373 730 643 785 serpentibus
662 731 797 785 (Gen.
823 734 861 783 l,
885 732 953 774 29.
978 736 1055 785 s.):
1086 734 1286 786 piscibus
1320 746 1394 773 au-

79 792 172 826 tem
204 792 249 827 et
273 788 386 828 cetis
419 788 596 842 magnis
628 801 720 829 non
743 789 912 829 dedisti
933 787 1061 830 haec.
1120 789 1395 829 Dicebamus

82 844 219 891 enim,
247 843 312 883 eis
336 843 562 884 fructibus
579 849 731 885 terrae
750 844 1020 899 significari,
1046 849 1091 885 et
1108 846 1154 884 in
1172 845 1398 898 allegoria

80 898 269 951 figurari
306 911 446 952 opera
476 900 845 951 misericordiae,
881 912 996 954 quae
1020 899 1153 941 huius
1176 902 1296 941 vitae
1321 912 1396 940 ne-

82 955 372 996 cessitatibus
412 953 685 996 exhibentur
716 968 774 997 ex
802 961 927 997 terra
956 955 1208 998 fructifera.
1270 956 1397 996 Talis

79 1015 205 1048 terra
228 1016 326 1050 erat
347 1010 447 1063 pius
468 1009 796 1064 Onesiphorus,
815 1013 942 1052 cuius
963 1012 1116 1052 domui
1134 1011 1303 1053 dedisti
1317 1013 1398 1052 mi-

81 1064 400 1115 sericordiam,
425 1065 531 1119 quia
549 1065 816 1120 frequenter
841 1067 1033 1107 Paulum
1056 1073 1181 1108 tuum
1204 1066 1399 1120 refrige-

79 1119 218 1169 ravit,
253 1125 299 1161 et
330 1126 537 1161 catenam
569 1121 666 1162 eius
704 1135 795 1162 non
829 1122 1022 1162 erubuit.
1045 1124 1088 1172 (2
1108 1124 1223 1163 Tim.
1252 1125 1289 1173 l,
1310 1122 1397 1174 16.)

78 1175 184 1215 Hoc
200 1174 409 1217 fecerunt
426 1181 472 1217 et
488 1175 728 1227 fratres,et
744 1178 826 1218 tali
843 1177 975 1231 fruge
993 1177 1399 1228 fructificaverunt,

82 1233 178 1285 qui,
218 1232 340 1285 quod
374 1234 416 1273 ei
449 1231 627 1283 deerat,
665 1233 990 1286 suppleverunt
1022 1246 1077 1274 ex
1108 1234 1396 1274 Macedonia.

82 1289 125 1334 (2
145 1287 247 1327 Cor.
269 1289 335 1338 11,
353 1287 414 1340 9.)
475 1287 575 1336 Quo
618 1290 756 1329 modo
806 1293 956 1329 autem
1005 1289 1130 1329 dolet
1177 1288 1399 1343 quaedam

80 1342 222 1396 ligna,
259 1356 374 1397 quae
408 1341 604 1383 fructum
638 1345 680 1384 ei
705 1344 906 1384 debitum
928 1357 1019 1384 non
1043 1345 1285 1395 dederunt,
1319 1345 1396 1384 ubi

80 1399 162 1438 ait:
195 1397 249 1439 In
274 1398 425 1453 prima
448 1411 544 1438 mea
568 1399 819 1454 defensione
841 1413 964 1440 nemo
992 1399 1101 1440 mihi
1125 1399 1290 1454 adfecit,
1325 1400 1401 1439 sed

81 1467 225 1494 omnes
247 1468 313 1495 me
336 1454 687 1507 dereliquerant;
716 1468 804 1495 non
827 1454 909 1496 illis
931 1455 1194 1509 imputetur!
1215 1457 1257 1505 (2
1277 1456 1393 1496 Tim.

79 1510 118 1556 4,
142 1509 226 1561 16.)
286 1511 380 1551 Ista
412 1511 531 1550 enim
563 1510 786 1552 debentur
810 1512 897 1561 eis,
933 1514 1010 1565 qui
1030 1512 1291 1551 ministrant
1318 1511 1394 1551 do-

80 1566 269 1605 ctrinam
294 1566 565 1607 rationalem
582 1579 662 1620 per
678 1567 1008 1620 intelligentias
1029 1567 1282 1607 divinorum
1301 1580 1393 1620 my-

78 1622 343 1672 steriorum,
378 1627 423 1662 et
445 1622 511 1662 ita
534 1623 599 1662 eis
627 1622 849 1663 debentur
870 1628 1098 1675 tamquam
1120 1621 1391 1662 hominibus.

77 1674 314 1716 Debentur
345 1682 496 1717 autem
521 1679 609 1728 eis,
644 1679 763 1718 sicut
787 1678 961 1717 animae
984 1678 1112 1717 vivae
1138 1678 1392 1730 praebenti-

76 1731 160 1770 bus
185 1744 232 1771 se
259 1732 315 1772 ad
338 1733 605 1773 imitandum
628 1734 673 1773 in
693 1734 813 1772 omni
833 1734 1126 1773 continentia.
1185 1732 1298 1771 Item
1317 1733 1391 1772 de-

75 1786 239 1826 bentur
272 1788 337 1827 eis
364 1793 594 1840 tamquam
616 1789 877 1828 volatilibus
901 1793 1087 1841 propter
1109 1787 1391 1828 benedictio-

75 1855 155 1882 nes
176 1854 350 1892 eorum,
376 1856 489 1895 quae
508 1844 866 1897 multiplicantur
884 1856 1019 1896 super
1034 1848 1224 1893 terram,
1250 1856 1390 1897 quon-

75 1898 162 1936 iam
181 1898 227 1936 in
247 1910 424 1938 omnem
441 1904 609 1938 terram
630 1900 771 1940 exivit
788 1911 925 1938 sonus
946 1911 1116 1939 eorum.

160 1953 207 1993 C.
228 1953 394 1994 XXVI.
453 1953 707 1994 Pascuntur
720 1959 870 1994 autem
890 1953 959 1994 his
976 1955 1109 2004 escis,
1127 1955 1202 2007 qui
1219 1955 1389 1994 laetan-

75 2014 147 2047 tur
163 2010 338 2058 eis,nec
355 2009 420 2048 illi
440 2009 668 2048 laetantur
687 2011 766 2058 eis,
787 2010 1109 2061 quorumDeus
1132 2014 1285 2049 venter
1304 2016 1386 2050 est.

77 2063 213 2109 (Phil.
234 2064 273 2114 3,
295 2063 378 2113 19.)
398 2064 555 2117 Neque
575 2065 693 2104 enim
712 2069 757 2103 et
772 2066 818 2105 in
834 2065 941 2115 illis,
958 2066 1032 2118 qui
1051 2065 1282 2118 praebent,
1299 2066 1390 2105 ista

77 2132 143 2169 ea,
163 2132 276 2173 quae
297 2120 416 2170 dant,
430 2119 604 2159 fructus
621 2125 704 2169 est,
716 2120 797 2159 sed
808 2133 894 2173 quo
911 2122 1059 2160 animo
1076 2120 1195 2160 dant.
1229 2120 1387 2173 Itaque

75 2175 167 2223 ille,
181 2176 363 2228 quiDeo
379 2175 620 2224 serviebat,
638 2188 727 2215 non
744 2188 826 2215 suo
845 2177 1005 2226 ventri,
1017 2176 1150 2216 video
1164 2175 1293 2228 plane
1308 2190 1385 2215 un-

74 2230 128 2269 de
150 2232 367 2283 gaudeatz
386 2231 519 2272 video
537 2236 582 2271 et
594 2232 889 2285 congratulor
904 2231 1104 2273 eivalde„
1136 2232 1384 2285 Acceperat
