1514 2438
333 148 874 191 CONFESSIONUM
916 150 1045 190 LIB.
1077 150 1109 191 1.
1358 153 1381 191 5

55 235 109 274 (16
128 233 338 288 vigilans.
396 234 502 274 Hoc
522 235 640 274 enim
659 235 714 275 de
731 248 802 275 me
820 234 934 275 mihi
950 236 1200 276 indicatum
1218 242 1309 285 est,
1337 244 1384 276 et

53 291 248 340 credidi,
274 290 487 343 quoniam
511 291 578 330 sic
602 291 808 331 videmus
828 297 873 331 et
890 292 1007 332 alios
1025 291 1244 342 infantes3
1278 305 1382 332 nam

51 348 142 386 ista
164 359 265 386 mea
289 358 380 386 non
403 347 603 387 memini.
662 347 722 386 Et
745 360 852 387 ecce
869 348 1090 400 paulatim
1110 348 1380 398 sentiebam,

55 403 130 442 ubi
144 414 305 452 essem,
322 407 368 442 et
380 402 643 443 voluntates
660 415 786 443 meas
805 404 1015 444 volebam
1034 404 1278 445 ostendere
1298 405 1380 454 eis,

50 470 133 511 per
164 470 277 511 quos
308 458 627 511 implerentur,
671 465 717 500 et
746 471 837 499 non
867 465 1095 513 poteram3
1135 461 1241 514 quia
1271 461 1381 500 illae

53 515 172 553 intus
192 519 340 564 erant,
365 514 481 555 foris
501 520 652 555 autem
667 515 759 565 illi,
784 527 869 555 nec
890 516 984 556 ullo
1005 530 1086 557 suo
1107 529 1245 557 sensu
1261 517 1382 556 rale-

52 570 163 609 bant
199 570 393 611 introire
431 572 479 610 in
512 572 706 611 animam
739 584 900 611 meam.
960 572 1118 626 Itaque
1151 573 1381 612 jactabam

50 625 253 665 membra
286 631 333 666 et
361 639 522 677 voces,
557 629 689 681 signa
721 627 889 668 similia
913 628 1224 669 voluntatibus
1250 630 1382 679 meis,

51 694 196 734 pauca
216 694 331 734 quae
349 688 570 737 poteram,
587 684 740 737 qualia
755 689 985 737 poteram3
1005 697 1096 725 non
1116 685 1235 724 enim
1254 690 1385 725 erant

50 738 335 778 verisimilia.
394 739 455 779 Et
478 752 578 779 cum
603 739 717 779 mihi
739 752 830 780 non
856 740 1277 794 obtemperabatur,
1310 741 1386 780 vel

51 806 143 833 non
164 794 429 844 intellecto,
456 795 531 835 vel
553 809 608 836 ne
636 796 841 847 obe-sset,
867 796 1142 850 indignabar
1164 809 1255 837 non
1282 797 1384 836 sub-

53 850 162 889 ditis
181 851 455 899 maioribus,
483 856 529 890 et
545 852 704 892 liberis
723 864 815 892 non
834 853 1153 903 servientibus,
1175 858 1221 893 et
1236 865 1308 892 me
1329 853 1384 894 de

50 905 144 945 illis
173 905 324 946 flendo
352 907 653 948 vindicabam.
713 909 852 948 Tales
880 920 981 949 esse
1005 908 1206 949 infantes
1227 909 1382 958 didici,

54 974 167 1014 quos
197 961 375 1002 discere
400 963 553 1016 potui,
580 969 626 1004 et
647 976 721 1004 me
746 964 886 1004 talem
911 963 1055 1008 fuisse
1071 996 1084 1017 ,
1103 965 1250 1019 magis
1272 964 1387 1005 mihi

50 1017 140 1070 ipsi
162 1017 481 1059 indicaverunt
502 1021 785 1070 nescientes,
813 1033 946 1074 quam
973 1026 1172 1061 seientes
1191 1022 1384 1061 nutrito-

50 1085 125 1113 res
151 1074 257 1115 11161.
313 1075 374 1114 Et
397 1087 527 1125 ecce,
555 1075 751 1116 infantia
773 1089 875 1116 mea
894 1077 1003 1117 olim
1021 1083 1201 1117 mortua
1221 1083 1313 1126 est,
1342 1083 1388 1116 et

52 1141 138 1181 ego
157 1130 275 1170 vivo.
337 1131 409 1170 Tu
427 1136 577 1172 autem
594 1131 813 1183 Domine,
835 1134 911 1186 qui
931 1139 976 1173 et
993 1146 1173 1186 semper
1190 1134 1320 1182 viris,
1342 1138 1388 1172 et

50 1183 167 1224 nihil
190 1186 386 1226 moritur
408 1187 454 1226 in
478 1192 546 1239 te3
581 1190 796 1242 quoniam
818 1195 920 1229 ante
951 1190 1204 1243 primordia
1229 1201 1385 1228 saecu-

49 1239 220 1291 iorum,
241 1248 288 1282 et
305 1247 407 1282 ante
429 1255 577 1294 omne,
598 1245 721 1298 quod
738 1245 933 1286 velante
955 1246 1045 1286 dici
1062 1250 1232 1299 potest,
1252 1252 1301 1286 tu
1321 1257 1386 1294 es,

51 1301 97 1336 et
119 1296 246 1338 Deus
273 1310 344 1348 es,
377 1298 693 1354 Dominusque
720 1302 940 1352 omnium,
976 1314 1091 1356 quae
1117 1302 1308 1342 creasti:
1343 1306 1389 1340 et

51 1352 196 1405 apud
240 1359 293 1394 te
340 1366 521 1395 rerum
571 1358 807 1397 omnium
845 1358 1198 1397 instabilium
1239 1361 1389 1397 stant

51 1420 272 1460 causae3
307 1416 360 1450 et
380 1423 559 1451 rerum
586 1414 821 1452 omnium
844 1413 1192 1453 mutabilium
1209 1413 1386 1452 immu-

49 1464 255 1505 tabiles
278 1472 497 1507 manent
521 1468 883 1521 origi11es32t
910 1470 1140 1508 omni-um
1162 1469 1384 1508 irratio-

50 1520 313 1561 nabilium
332 1528 386 1562 et
405 1524 793 1576 temporalium
811 1526 1181 1578 sempiternae
1200 1525 1389 1564 vivunt

50 1577 318 1618 rationes.
377 1578 466 1618 Dic
493 1579 606 1619 mihi
626 1580 831 1633 supplici
860 1586 961 1631 tuo,
994 1581 1142 1630 Deus,
1186 1586 1231 1621 et
1252 1582 1386 1621 mise-

49 1632 197 1673 ricors
219 1634 388 1675 misero
415 1640 495 1676 tuo
509 1666 520 1686 ,
547 1636 620 1676 dic
642 1636 776 1687 mihi,
802 1642 953 1677 utrum
978 1638 1069 1678 iam
1087 1638 1224 1677 alicui
1244 1637 1389 1677 aetati

49 1700 179 1728 meae
204 1696 414 1731 mortuae
442 1693 720 1732 successerit
743 1693 940 1733 infantia
962 1693 1092 1734 mea?
1123 1706 1178 1733 an
1200 1693 1283 1733 illa
1301 1698 1386 1743 est,

53 1756 187 1797 quam
211 1747 287 1800 egi
308 1747 430 1787 intra
451 1748 633 1788 viscera
656 1750 815 1789 matris
840 1749 1002 1790 mean
1031 1749 1145 1790 Nam
1173 1756 1219 1789 et
1234 1750 1287 1789 de
1306 1749 1388 1789 illa

50 1799 163 1840 mihi
179 1802 388 1842 nonnihil
404 1803 655 1844 indicatum
673 1810 762 1856 est,
791 1810 836 1846 et
851 1811 1156 1860 praegnantes
1175 1807 1273 1858 ipse
1292 1805 1387 1844 vidi

52 1855 261 1898 feminas.
324 1858 445 1907 Quid
462 1866 567 1900 ante
587 1859 703 1900 hane
722 1862 881 1913 etiam,
902 1862 1097 1902 dulcedo
1116 1874 1240 1912 mea,
1258 1861 1384 1902 Deus

53 1913 207 1953 11161151
244 1914 390 1955 Fuine
428 1915 618 1967 alicubi,
653 1922 731 1957 aut
763 1918 955 1971 aliquis?
991 1917 1108 1958 Nam
1142 1918 1242 1971 quis
1274 1916 1388 1956 mihi

55 1968 178 2008 dicat
193 1970 299 2020 ista,
317 1983 409 2011 non
426 1969 589 2022 habeo,
609 1985 693 2012 nec
711 1979 841 2026 pater
859 1987 944 2014 nec
960 1979 1106 2014 mater
1122 1979 1386 2028 potuerunt,

53 2036 139 2064 nec
166 2025 361 2066 aliorum
388 2028 767 2080 experimentum,
792 2043 878 2071 nec
899 2031 1122 2070 memoria
1144 2042 1260 2071 mea.
1320 2029 1388 2068 An

52 2080 218 2121 irrides
237 2095 307 2122 me
326 2083 418 2123 ista
435 2089 750 2136 quaerentem,
768 2091 905 2140 teque
927 2087 981 2127 de
1001 2085 1102 2135 hoc,
1124 2086 1245 2141 quod
1262 2084 1386 2132 novi,

53 2136 234 2177 laudari
265 2150 292 2178 a
320 2151 392 2179 me
418 2139 571 2190 iubes,
607 2146 653 2180 et
676 2143 887 2183 confiteri
909 2155 980 2182 me
1004 2142 1115 2182 tibi‘}
1153 2141 1388 2181 Confiteor

54 2193 162 2241 tibi,
192 2193 389 2235 Domine
416 2196 537 2235 coeli
561 2201 606 2236 et
627 2202 802 2248 terrae,
828 2199 1011 2238 laudem
1037 2198 1193 2237 dicens
1221 2196 1305 2236 tibi
1330 2195 1385 2235 de

55 2249 318 2301 primordiis
346 2256 391 2291 et
408 2250 603 2291 infantia
618 2265 741 2302 mea,
768 2267 882 2307 quae
901 2267 993 2295 non
1010 2253 1214 2302 memini3
1248 2256 1294 2291 et
1311 2251 1384 2291 de-
