1514 2438
243 125 775 170 CONFESSIONUM
803 125 1005 168 LIBER
1034 127 1169 169 VIII.
1288 129 1366 168 141

42 214 108 254 tia
124 212 269 254 multa
286 213 379 255 dixi
395 212 502 254 tibi:
527 213 586 253 Et
601 216 666 264 tu,
689 211 902 262 Domine,
917 225 1063 266 usque
1082 213 1199 268 quo?
1215 214 1369 269 Usque

45 283 156 323 quo,
189 270 406 320 Domine,
439 270 655 310 irasceris
679 269 726 309 in
748 269 910 310 finem‘.l
939 268 1008 310 Ne
1030 282 1206 311 memor
1226 269 1371 311 fueris

41 326 334 380 iniquitatum
350 331 610 367 nostrarum
629 326 930 379 antiquarum.
971 325 1234 367 Sentiebam
1252 327 1373 367 enim

44 382 112 422 eis
134 396 206 422 me
229 383 392 423 teneri.
451 382 683 423 Iactabam
710 394 850 422 voces
882 382 1190 423 miserabiles:
1225 383 1372 432 Quam

45 438 150 479 diuZ
169 451 302 493 quam
315 438 416 479 diu'}
434 439 544 479 Cras
564 444 610 479 et
628 438 752 479 cras‘}
772 438 922 487 Quare
941 451 1032 479 non
1049 439 1213 480 modos}
1231 452 1371 492 quare

42 507 136 534 non
154 493 239 536 hac
252 494 366 536 hora
382 495 485 535 finis
503 496 800 548 turpitudinis
818 494 973 535 meae'.t
1001 494 1224 535 Dicebam
1242 495 1372 546 haec,

46 557 92 590 et
129 550 295 592 flebam
328 552 615 592 amarissima
647 548 925 592 contritione
962 551 1114 591 cordis
1148 553 1253 592 mei.
1313 552 1374 592 Et

47 619 153 647 eece
173 608 309 649 audio
329 620 489 648 vocem
508 608 562 648 de
580 608 731 648 vicina
749 607 884 648 domo
905 620 1005 648 cum
1023 613 1160 648 cantu
1177 608 1372 649 dicentis

47 668 93 703 et
111 664 272 704 crebro
292 665 544 718 repetentis
557 695 567 714 ,
596 664 725 717 quasi
745 664 896 718 pueri,
920 677 976 704 an
993 664 1175 717 puellae
1194 665 1374 706 nescio:

46 720 223 771 Tolle,
248 721 297 761 le
310 733 392 776 ge3
423 721 578 771 tolle,
603 721 741 774 lege.
777 719 1033 774 Statimque
1050 725 1224 761 mutato
1245 721 1376 761 vultu

43 775 378 818 intentissimus
395 778 600 831 cogitare
616 777 762 830 coepi,
777 782 1032 817 utrumnam
1045 777 1250 817 solerent
1266 788 1374 831 pue-

44 833 86 873 ri
100 833 148 873 in
164 833 317 887 aliquo
334 846 503 888 genere
520 833 708 874 ludendi
726 834 947 873 cantitare
965 833 1057 873 tale
1076 832 1268 887 aliquid:
1288 845 1374 874 nec

48 890 319 930 occurrebat
339 891 520 930 omnino
542 890 770 930 audivisse
788 902 859 929 me
877 890 1065 942 uspiam.
1123 890 1374 943 Represso-

47 958 134 998 que
157 947 330 999 impetu
347 946 639 987 lacrimarum
656 947 855 995 surrexi,
880 945 994 985 nihil
1012 945 1136 986 aliud
1153 947 1374 1001 interpre-

46 1007 163 1051 tans,
180 1003 272 1042 nisi
288 1003 506 1043 divinitus
526 1001 638 1042 mihi
656 1002 820 1052 iuberi,
840 1007 887 1042 ut
908 1003 1133 1056 aperirem
1152 1003 1376 1053 codicem,

51 1063 96 1098 et
114 1058 338 1113 legerem,
359 1060 481 1112 quod
499 1060 693 1113 primum
712 1064 847 1111 caput
862 1058 1153 1099 invenissem.
1212 1059 1377 1100 Audie-

48 1127 145 1154 ram
172 1115 291 1155 enim
315 1115 369 1155 de
393 1116 613 1165 Antonio,
641 1114 764 1170 quod
788 1127 845 1156 ex
871 1115 1140 1169 evangelica
1156 1115 1376 1165 lectione,

51 1171 125 1210 cui
147 1169 267 1211 forte
292 1177 638 1225 supervenerat,
673 1171 931 1212 admonitus
954 1171 1113 1222 fuerit,
1147 1177 1379 1225 tamquam

51 1227 141 1267 sibi
165 1227 418 1278 diceretur,
454 1228 577 1282 quod
600 1228 860 1282 legebatur:
890 1226 1028 1277 Vade,
1057 1228 1189 1269 vende
1215 1227 1376 1276 omnia,

54 1296 164 1337 quae
187 1283 338 1333 hahes,
366 1291 409 1324 et
425 1285 480 1324 da
490 1283 781 1337 pauperibus,
809 1290 854 1324 et
867 1283 1046 1324 habebis
1065 1284 1317 1324 thesaurum
1334 1283 1381 1322 in

54 1338 210 1388 coelis;
243 1347 287 1380 et
321 1339 441 1389 veni,
483 1353 662 1393 sequere
702 1353 768 1380 me
788 1339 970 1388 (Matth.
990 1340 1053 1390 19,
1075 1341 1185 1391 21.);
1219 1347 1266 1380 et
1296 1339 1381 1379 tali

55 1395 242 1435 oraculo
285 1395 529 1436 confestim
570 1395 626 1435 ad
657 1400 702 1435 te
739 1407 840 1435 esse
877 1408 1161 1436 conversum.
1220 1395 1379 1448 Itaque

54 1451 262 1491 concitus
293 1451 412 1491 redii
435 1451 492 1491 ad
517 1463 618 1492 eum
643 1452 818 1500 locum,
850 1451 928 1491 ubi
954 1451 1146 1492 sedebat
1165 1452 1379 1505 Alypius3

53 1507 116 1546 ibi
145 1509 264 1547 enim
287 1519 531 1561 posueram
560 1507 766 1547 codicem
782 1508 1013 1559 Apostoli,
1043 1520 1143 1547 cum
1160 1507 1266 1548 inde
1287 1519 1382 1548 sur-

54 1575 277 1604 rexeram.
338 1564 549 1616 Adripui,
570 1564 746 1616 aperui,
767 1568 813 1603 et
829 1563 921 1617 legi
940 1564 986 1602 in
1006 1564 1190 1603 silentio
1211 1564 1380 1616 capitu-

54 1619 168 1670 lum,
203 1632 292 1673 quo
324 1620 518 1673 primum
553 1619 752 1659 coniecti
784 1625 889 1659 sunt
922 1620 1042 1659 oculi
1070 1620 1180 1660 mei:
1214 1618 1314 1660 Non
1335 1618 1382 1658 in

60 1674 446 1716 comessationibus
466 1683 508 1716 et
522 1674 825 1724 ebrietatibus,
848 1688 933 1714 non
953 1674 998 1715 in
1018 1675 1226 1716 cubilibus
1245 1682 1287 1715 et
1301 1675 1374 1715 im-

48 1731 294 1785 pudicitiis,
331 1745 419 1772 non
441 1731 487 1772 in
511 1731 789 1772 contentione
811 1738 854 1771 et
875 1732 1194 1782 aemulatione5
1223 1732 1298 1771 sed
1317 1731 1381 1771 in-

57 1787 175 1828 duite
202 1786 440 1827 Dominum
471 1787 614 1828 Iesum
642 1786 884 1836 Christum,
919 1794 963 1828 et
984 1788 1130 1828 carnis
1146 1787 1380 1841 provide-n-

60 1842 168 1883 tiam
198 1857 250 1883 ne
266 1844 470 1899 feceritis
488 1844 533 1884 in
552 1843 927 1897 concupiscentiis.
948 1844 1096 1893 (Rom.
1119 1845 1185 1894 13,
1208 1844 1272 1884 13.
1296 1845 1380 1894 14.)

57 1898 154 1939 Nec
172 1900 292 1939 ultra
312 1901 435 1940 volui
455 1901 627 1954 legere,
646 1913 730 1940 nec
749 1913 862 1954 opus
882 1905 994 1941 erat.
1034 1900 1198 1942 Statim
1218 1901 1382 1954 quippe

58 1968 159 1995 cum
193 1956 281 1996 fine
316 1955 504 1996 hujusce
530 1957 806 2006 sententiae,
841 1957 973 2009 quasi
995 1957 1097 1997 luce
1121 1956 1384 1997 securitatis

56 2011 210 2051 infusa
227 2012 356 2052 cordi
372 2023 497 2062 meo,
518 2024 674 2053 omnes
694 2012 993 2053 dubitationis
1011 2013 1229 2054 tenebrae
1251 2010 1383 2052 diffu-

57 2074 236 2121 gerunt.
298 2069 413 2108 Tum
435 2068 678 2108 interiecto
702 2074 780 2108 aut
805 2069 973 2123 digito,
1005 2074 1085 2110 aut
1107 2069 1264 2109 nescio
1290 2079 1379 2120 quo

56 2123 149 2164 alio
175 2124 328 2177 signo,
364 2124 572 2164 codicem
599 2125 765 2174 clausi,
801 2129 846 2164 et
869 2124 1117 2178 tranquillo
1143 2125 1234 2164 iam
1254 2123 1382 2163 vultu

55 2179 255 2220 indicavi
278 2180 460 2233 Alypio.
519 2181 576 2220 At
599 2180 703 2229 ille,
728 2180 836 2234 quid
860 2180 907 2220 in
934 2193 983 2221 se
1002 2186 1236 2234 ageretur,
1260 2178 1383 2231 quod

60 2247 147 2289 ego
166 2236 440 2292 nesciebam,
458 2237 524 2277 sic
541 2236 779 2278 indicavit:
798 2237 912 2290 petit
934 2237 1103 2287 videre,
1123 2235 1227 2289 quid
1246 2234 1384 2288 legis*
