1514 2438
280 126 815 169 CONFESSIONUM
844 127 1050 168 LIBER
1079 127 1140 169 ΙΙ.
1327 128 1380 167 23

47 227 196 264 meus,
232 227 332 254 cum
365 213 478 251 irem
514 212 593 252 abs
620 219 665 252 te
696 212 909 266 longius'!
966 213 1092 253 Itane
1118 218 1167 253 tu
1190 212 1378 252 tacebas

48 279 155 311 tunc
181 269 316 310 mihi}
345 269 404 308 Et
429 269 556 308 cuius
585 274 715 308 erant
734 270 822 308 nisi
839 276 919 308 tua
935 269 1076 309 verba
1091 269 1174 308 illa
1188 281 1272 322 per
1288 281 1380 308 ma-

46 335 162 368 trem
202 339 369 375 meam,
412 325 593 364 fidelem
611 330 755 375 tuam,
800 338 915 378 quae
937 326 1135 365 cantasti
1165 325 1212 365 in
1245 337 1380 365 aures

46 382 199 423 meass.t
228 381 323 422 Nec
349 383 454 420 inde
477 381 723 434 quidquam
743 381 981 421 descendit
999 383 1045 421 in
1065 393 1165 430 cor,
1192 386 1243 421 ut
1260 381 1381 421 face-

47 452 143 479 rem
160 438 288 479 illud.
349 437 550 477 Volebat
568 437 686 476 enim
703 438 805 487 illa,
827 443 873 477 et
889 442 1070 478 secreto
1083 468 1094 488 ,
1112 437 1315 487 memini,
1333 442 1384 476 ut

47 495 277 536 monuerit
309 507 409 533 cum
443 494 757 534 sollicitudine
789 494 987 547 ingenti,
1020 506 1076 533 ne
1109 492 1383 542 fornicarer,

49 552 334 604 maximeque
355 562 410 589 ne
432 550 738 589 adulterarem
758 550 1024 603 cuiusquam
1042 562 1248 590 uxorem.
1294 549 1385 597 Qui

48 606 155 649 mihi
172 608 373 647 monitus
392 605 639 645 muliebres
657 606 945 656 videbantur,
967 606 1129 659 quibus
1150 606 1382 658 obtempe-

48 676 149 704 rare
185 663 520 703 erubescerem.
581 661 655 701 Illi
681 668 831 701 autem
857 663 923 701 tui
950 668 1103 712 erant,
1138 668 1183 702 et
1207 662 1383 702 nescie-

50 721 173 771 bam3
208 725 254 759 et
285 725 330 758 te
355 724 510 758 tacere
536 718 774 770 putabam,
809 723 945 771 atque
969 718 1095 757 illam
1119 718 1268 770 loqui,
1301 730 1385 771 per

50 789 182 830 quam
207 774 320 815 mihi
344 780 394 815 tu
420 786 511 814 non
533 774 743 823 tacebas,
771 779 817 813 et
840 775 886 813 in
909 774 991 813 illa
1016 774 1385 814 contemnebaris

51 845 160 873 ame
186 832 281 871 filio
310 831 432 880 eius,
466 830 562 869 filio
591 830 785 869 ancillae
811 835 942 880 tuae,
978 842 1111 870 servo
1136 836 1231 870 tuo.
1295 829 1388 871 Sed

48 889 329 938 nesciebam,
350 894 395 926 et
413 898 633 939 praeceps
651 886 771 925 ibam
789 891 917 926 tanta
934 887 1158 926 caecitate
1171 918 1180 936 ‚
1202 891 1251 926 ut
1266 887 1388 926 inter

51 950 327 985 coaetaneos
343 955 470 983 meos
491 943 685 995 puderet
700 954 771 981 me
790 943 980 983 minoris
1001 942 1259 992 dedecoris,
1277 954 1386 996 quo-

48 1001 167 1040 niam
199 999 441 1040 audiebam
478 1011 558 1038 eos
583 999 811 1038 iactantes
845 997 1021 1052 flagitia
1047 1011 1150 1048 sua,
1187 1004 1233 1038 et
1254 1003 1384 1038 tanto

50 1056 302 1109 gloriantes
340 1056 510 1109 magis,
553 1059 722 1108 quanto
759 1056 906 1107 magis
939 1060 1095 1108 turpes
1132 1060 1307 1105 essent3
1341 1060 1389 1094 et

49 1112 221 1152 libebat
241 1111 396 1152 facere
422 1124 513 1151 non
539 1111 687 1151 solum
705 1110 897 1151 libidine
915 1110 1048 1161 facti,
1072 1124 1229 1151 verum
1249 1112 1390 1151 etiam

47 1167 210 1208 laudis.
273 1167 393 1216 Quid
421 1167 608 1221 dignum
634 1172 706 1207 est
730 1168 1071 1220 vituperatione
1091 1169 1177 1208 nisi
1201 1167 1390 1207 vitium}

47 1224 145 1278 Ego
172 1236 228 1264 ne
240 1225 531 1276 xituperarer
554 1224 771 1263 vitiosior
795 1224 979 1274 fiebam3
1014 1231 1061 1264 et
1087 1225 1163 1264 ubi
1180 1237 1271 1264 non
1284 1223 1388 1264 sub·-

51 1286 166 1329 erat,
207 1293 296 1333 quo
323 1280 524 1319 admisso
559 1291 783 1332 aequarer
808 1280 1023 1334 perditis,
1069 1281 1296 1335 fingebam
1314 1292 1387 1319 me

49 1336 215 1376 fecisse
243 1336 365 1389 quod
383 1348 473 1375 non
492 1335 716 1384 feceram,
743 1348 799 1375 ne
819 1336 1001 1375 viderer
1020 1337 1267 1386 abiectior,
1296 1349 1385 1389 quo

50 1404 170 1432 eram
188 1392 502 1441 innocentior,
530 1397 575 1431 et
594 1405 650 1431 ne
669 1393 808 1432 vilior
826 1391 1041 1441 haberer,
1063 1405 1151 1446 quo
1172 1405 1296 1432 eram
1316 1404 1387 1431 ca-

53 1448 176 1487 stior.
236 1447 356 1486 Ecce
385 1460 487 1486 cum
514 1448 678 1500 quibus
705 1448 950 1488 comitibus
976 1449 1065 1487 iter
1083 1448 1275 1501 agebam
1292 1448 1387 1501 pla-

48 1509 225 1543 tearum
241 1502 554 1556 Babyloniae,
581 1510 626 1544 et
638 1504 881 1544 volutabar
897 1504 943 1543 in
963 1516 1108 1544 coeno
1131 1504 1229 1544 eius
1243 1535 1253 1554 ‚
1272 1510 1384 1545 tam-

51 1572 183 1612 quam
229 1559 276 1598 in
325 1560 546 1599 cinnamis
591 1565 637 1600 et
677 1561 924 1613 unguentis
962 1561 1204 1613 pretiosis!
1244 1561 1303 1600 Et
1337 1561 1387 1600 in

49 1615 266 1655 umbilico
303 1616 401 1655 eius
437 1628 526 1667 quo
558 1617 767 1656 tenacius
788 1615 1047 1666 haererem,
1082 1617 1291 1656 calcabat
1314 1629 1386 1656 me

46 1672 259 1711 inimicus
277 1671 527 1712 invisibilis
541 1702 551 1721 ,
573 1679 619 1712 et
637 1672 889 1712 seducebat
905 1684 976 1712 me
990 1703 1000 1722 ‚
1022 1673 1128 1725 quia
1147 1685 1233 1726 ego
1254 1673 1386 1712 sedu-

49 1728 171 1767 ctilis
208 1740 346 1768 eram.
406 1726 511 1768 Non
539 1729 658 1768 enim
687 1733 733 1768 et
756 1728 860 1778 illa,
894 1740 1009 1781 quae
1034 1730 1125 1768 iam
1152 1729 1207 1769 de
1232 1729 1386 1769 medio

46 1783 300 1837 Babylonis
318 1782 526 1837 fugerat,
560 1785 642 1824 sed
660 1785 759 1824 ibat
788 1785 835 1824 in
855 1785 1050 1825 caeteris
1072 1786 1169 1826 eius
1193 1785 1387 1833 tardior,

46 1845 194 1880 mater
221 1840 371 1879 carnis
394 1852 549 1891 meae,
582 1841 702 1881 sicut
717 1842 897 1881 monuit
914 1854 985 1881 me
1003 1842 1294 1894 pudicitiam,
1322 1841 1388 1880 ita

50 1897 246 1945 curavit,
282 1895 405 1949 quod
436 1896 492 1936 de
524 1910 595 1937 me
629 1910 656 1936 a
686 1897 787 1937 viro
822 1909 905 1937 suo
941 1898 1172 1948 audierat,
1203 1899 1386 1950 iamque

47 1952 420 2004 pestilentiosum
454 1957 502 1992 et
532 1953 579 1993 in
611 1958 846 2006 posterum
880 1954 1190 2006 periculosum
1220 1954 1388 1994 sentie-

47 2008 127 2047 bat
145 2010 362 2048 co'ercere
380 2008 577 2048 termino
598 2009 856 2063 coniugalis
876 2009 1109 2060 adfectus,
1129 2011 1168 2050 si
1186 2009 1391 2050 resecari

52 2064 110 2104 ad
127 2065 278 2104 vivum
296 2076 386 2104 non
404 2070 602 2117 poterat.
662 2064 767 2106 Non
785 2066 963 2106 curavit
980 2065 1089 2115 hoc,
1111 2067 1218 2119 quia
1239 2070 1389 2105 metus

54 2125 167 2169 erat,
193 2132 250 2160 ne
276 2120 579 2173 impediretur
597 2133 701 2173 spes
719 2134 823 2161 mea
840 2122 1061 2174 compede
1080 2122 1265 2171 uxoria3
1298 2133 1389 2159 non

56 2188 159 2228 spes
191 2175 296 2227 illa,
326 2177 539 2228 quamin
562 2182 608 2217 te
633 2176 777 2217 futuri
801 2178 974 2218 saeculi
1000 2177 1199 2218 habebat
1222 2183 1386 2223 mater,

57 2231 139 2271 sed
164 2244 269 2284 spes
293 2231 556 2282 literarum,
592 2246 703 2285 quas
727 2238 778 2273 ut
800 2245 1008 2284 nossem,
1043 2234 1176 2273 nimis
1203 2232 1388 2271 volebat
