1473 2443
90 130 177 159 xiv
506 115 993 158 ARGUMENTUM.

92 200 132 234 C.
150 204 182 234 3.
236 201 392 235 Causam
410 199 498 235 mali
516 211 596 234 esse
613 199 770 234 liberum
787 198 992 234 voluntatis
1010 200 1214 234 arbitrium.

92 247 131 280 C.
151 250 181 280 4.
232 248 352 281 Deum
376 259 449 281 non
465 258 546 281 esse
564 245 868 291 corruptibilem,
894 248 954 290 qui
971 248 1003 280 si
1022 249 1141 286 esset,
1169 247 1315 279 omnino
1333 258 1406 280 non

93 339 133 373 C.
152 295 482 379 5-essgiizgiltisones
502 340 547 373 de
563 340 708 374 ratione
732 338 820 373 mali
834 340 880 372 ad
900 340 1039 379 Deum,
1065 340 1127 382 qui
1146 349 1226 373 cum
1244 340 1294 372 sit
1308 350 1405 372 sum-

180 398 276 420 mum
291 388 438 425 bonum,
457 398 529 420 non
546 389 672 430 potest
688 397 768 419 esse
788 397 897 419 causa
914 385 1011 419 mali.

90 432 129 467 C.
149 435 181 467 6.
231 432 577 467 Mathematicorum
596 433 843 467 divinationes
860 443 878 465 e
898 430 1247 466 constellationibus
1265 432 1405 474 petitas

89 525 129 559 C.
147 479 445 568 trefIissa‘tirigine
461 524 552 559 mali
567 523 805 559 vehementer
821 527 1024 568 torquetur.

90 572 129 605 C.
148 576 181 606 8.
230 572 311 605 Deo
329 572 525 606 adiuvante
550 572 596 606 ad
612 573 808 605 veritatem
825 573 961 604 sensim
979 571 1133 605 accedit.

89 618 129 652 C.
147 620 179 652 9.
227 617 508 652 Platonicorum
541 618 745 652 doctrinam
772 618 817 651 de
840 617 945 656 Λόγῳ
972 619 1163 661 comparat
1188 628 1266 650 cum
1295 616 1405 650 Chri-

178 665 301 698 stiana
316 662 431 698 multo
448 665 730 708 praestantiore.

88 711 131 746 C.
151 714 205 745 10.
253 710 299 744 In
320 710 452 744 intima
470 712 593 745 cordis
609 711 802 744 recedenti
823 710 947 744 divina
964 709 1100 744 clarius
1118 711 1364 744 innotescunt.

88 757 132 792 C.
152 760 205 790 11.
258 757 461 791 creaturas
471 768 551 791 esse
562 755 773 797 mutabiles,
786 757 905 790 Deum
917 755 1034 790 solum
1051 754 1402 790 incommutabilem.

89 804 131 838 C.
150 806 205 837 12.
256 805 512 846 Quaecumque
531 804 635 838 Deus
652 804 815 846 optimus
833 804 973 836 creavit
989 804 1086 836 bona
1101 802 1210 837 valde
1229 806 1324 837 sunt.

88 850 129 884 C.
145 852 200 883 13.
251 851 352 889 Quae
385 853 471 883 sunt
493 851 533 884 in
557 848 659 885 coelo
686 852 724 884 et
751 852 851 884 terra
874 849 974 883 facta
998 850 1093 882 bona
1117 848 1270 883 laudare
1296 849 1404 882 decet

88 942 130 977 C.
149 899 527 985 Ιίῗθᾶὸῗιὲθῗὶιὶὲρῢοεὲ
543 941 683 986 aliquid
703 945 914 982 creaturae,
938 943 1077 984 fingere
1095 940 1192 976 solet
1210 942 1298 975 duas
1318 942 1404 976 sub-

178 990 337 1023 stantias
354 987 587 1031 originarias.

88 1035 130 1070 C.
150 1037 205 1069 15.
255 1037 514 1077 Quaecumque
532 1037 620 1069 sunt
638 1035 719 1069 Deo
740 1036 877 1069 debent
893 1035 990 1079 quod
1009 1038 1103 1069 sunt.

87 1082 129 1117 C.
149 1084 201 1116 16.
250 1081 387 1137 Malum
414 1082 531 1116 oritur
554 1092 627 1115 non
644 1092 664 1116 e
682 1082 891 1116 substantia
909 1083 1085 1126 quadam,
1112 1082 1179 1116 sed
1197 1079 1405 1115 voluntatis

88 1175 130 1211 C.
147 1130 559 1253 l‘ssergiirssizatsientem
579 1172 796 1208 mutabilem
819 1173 961 1208 invenit
984 1173 1252 1208 immutabilem
1267 1173 1405 1207 verita-

88 1269 131 1302 C.
150 1231 228 1303 183s
245 1223 549 1301 {garani-rmus
566 1267 749 1303 mediator
765 1271 823 1302 est
839 1279 912 1301 una
926 1269 986 1302 via
1003 1266 1148 1301 salutis.

88 1315 129 1349 C.
147 1316 203 1349 19.
249 1313 427 1368 Iohannis
447 1313 602 1354 dictum,
626 1314 781 1348 verbum
797 1325 942 1349 carnem
961 1314 1096 1348 factum
1115 1324 1215 1353 csse,
1240 1311 1405 1346 nondum

87 1408 130 1443 C.
148 1362 468 1442 2ger31elffffione
499 1405 548 1439 ad
572 1407 777 1450 scripturas
811 1418 935 1442 sacras
965 1410 1219 1449 transgressus
1243 1403 1406 1439 laetatur

178 1453 276 1497 quod
293 1463 366 1486 non
381 1452 462 1485 vice
478 1462 588 1487 versa
606 1453 744 1488 factum
763 1454 823 1487 sit.

466 1533 671 1576 LIBER
702 1534 1023 1577 OCTAVUS.

156 1603 324 1650 Denique
353 1613 493 1637 annum
525 1604 664 1638 aetatis
697 1603 923 1638 tricesimum
951 1605 1126 1643 alterum,
1162 1604 1281 1637 totius
1304 1605 1406 1637 vitae

85 1647 560 1690 maa-imememorabilem,
579 1649 770 1690 describit,
792 1660 859 1694 quo
878 1661 902 1682 a
920 1648 1170 1693 Simpliciano
1191 1649 1405 1683 deonorum

87 1694 323 1730 conversione
346 1700 385 1730 et
407 1694 547 1740 agendi
569 1695 722 1730 ratione
743 1698 893 1729 edoctus
913 1701 1002 1740 pose
1020 1695 1267 1729 vehementem
1285 1696 1407 1730 animi

87 1744 255 1778 laborem
273 1746 360 1778 tota
380 1746 501 1777 mente
523 1739 723 1777 innovatus
740 1746 777 1775 et
793 1744 846 1776 ad
859 1741 976 1775 Deum
994 1752 1188 1776 conversus
1204 1747 1267 1776 est.
1293 1742 1404 1784 (Pag.

90 1837 131 1871 C.
153 1840 183 1870 1.
233 1836 381 1869 Divinis
410 1835 524 1869 rebus
547 1835 620 1869 iam
645 1835 794 1868 deditus
818 1832 1001 1877 simulque
1024 1835 1159 1867 amoris
1183 1832 1404 1868 libidinibus

179 1886 312 1925 captus
330 1882 374 1915 de
391 1883 512 1916 animo
529 1882 738 1916 innovando
757 1879 1041 1924 Simplicianum
1060 1878 1231 1914 consulit.

89 1930 129 1965 C.
146 1932 179 1962 2.
229 1929 322 1962 Pius
343 1938 460 1962 senex
485 1929 621 1970 gaudet
645 1928 742 1971 quod
760 1925 896 1969 legerit
911 1926 1107 1960 Platonem
1125 1931 1164 1960 et
1181 1927 1397 1970 scriptum,

177 1977 377 2017 narratque
404 1975 448 2009 de
461 1975 658 2009 Victorino
674 1973 824 2008 rhetore
842 1972 951 2007 libris
970 1973 1086 2008 sacris
1101 1972 1212 2007 lectis
1230 1974 1275 2006 ad
1289 1973 1399 2005 fidem

177 2032 364 2055 converso.

88 2069 128 2104 C.
147 2072 178 2103 3.
228 2068 348 2101 Deum
372 2070 411 2101 et
434 2067 585 2110 angelos
616 2068 734 2109 magis
759 2066 918 2108 gaudere
943 2066 988 2100 de
1011 2077 1084 2099 uno
1101 2068 1296 2109 peccatore
1314 2064 1398 2097 red-

177 2117 300 2153 eunte,
319 2125 422 2157 quam
444 2115 488 2148 (le
503 2113 631 2149 multis
648 2114 769 2147 iustis.

87 2162 125 2196 C.
141 2166 171 2195 4.
221 2162 342 2195 Maius
362 2161 534 2202 gaudium
553 2161 597 2194 de
614 2159 792 2194 nobilium
811 2160 1049 2193 conversione
1067 2158 1402 2192 ostenditvictori-
1451 2180 1453 2183 -

176 2209 213 2242 ni
233 2206 419 2251 exemplo.
974 2204 980 2209 ”
