1514 2438
293 145 837 190 CONFESSIONUM
875 146 1085 189 LIBER
1114 146 1148 189 Ι.
1340 149 1386 187 ll

54 231 99 271 in
120 237 178 271 te.
238 230 432 282 Vidisti,
457 231 678 283 Domine,
705 246 806 273 cum
831 231 978 274 adhuc
1003 244 1115 288 puer
1144 243 1315 281 essem,
1346 238 1390 272 et

56 287 254 341 quodam
300 287 373 327 die
416 301 581 342 pressu
626 287 852 329 stomachi
892 294 1082 344 repente
1127 292 1387 328 aestuarem

52 355 198 396 paene
230 344 498 395 moriturus;
530 345 707 396 vidisti,
741 344 866 385 Deus
890 358 1040 396 meus,
1072 344 1286 398 quoniam
1316 357 1386 384 cu·

55 406 152 439 stos
177 412 304 441 meus
327 400 419 440 iam
447 413 568 442 eras:
602 414 691 454 quo
713 406 841 441 motu
862 402 998 442 animi
1024 406 1070 442 et
1095 413 1183 455 qua
1206 400 1295 440 fide
1313 400 1389 441 ba-

52 456 265 508 ptismum
296 455 469 497 Christi
494 458 582 508 tui,
608 457 695 498 Dei
724 462 773 497 et
795 456 981 497 Domini
998 458 1112 508 mei,
1138 456 1344 511 flagitavi
1365 469 1391 496 a

52 512 224 566 pietate
248 513 407 553 matris
432 526 578 564 meae,
605 519 651 554 et
672 513 832 554 matris
859 514 1058 553 omnium
1083 518 1290 554 nostrum
1306 512 1390 552 Ec-

56 568 227 609 clesiae
243 574 365 609 tuae.
418 570 478 609 Et
495 570 768 610 conturbata
782 574 928 609 mater
947 570 1096 610 carnis
1116 581 1260 619 meae,
1281 581 1389 622 quo-

54 624 175 664 niam
200 630 247 665 et
270 625 593 679 sempiternam
620 627 814 667 salutem
831 638 978 666 meam
997 626 1147 665 carius
1165 626 1390 678 parturie-

54 680 134 722 bat
151 681 290 721 corde
311 687 438 722 casto
458 683 503 722 in
523 682 612 722 fide
631 688 724 733 tua,
740 683 831 722 iam
853 687 1035 722 curaret
1051 681 1389 730 festinabunda,

55 741 107 776 ut
129 738 429 778 sacramentis
457 739 736 779 salutaribus
763 739 973 779 initiarer
1002 743 1047 778 et
1073 737 1307 787 abluerer,
1326 742 1388 787 te,

54 791 249 835 Domine
276 795 401 845 Iesu,
429 795 652 835 confitens
670 796 718 835 in
734 795 1053 835 remissionem
1079 801 1388 848 peccatorum,

55 849 143 889 nisi
170 851 326 890 statim
349 857 585 891 recreatus
606 863 770 892 essem.
830 850 987 891 Dilata
1005 856 1075 891 est
1091 851 1246 903 itaque
1265 862 1389 889 mun-

56 905 181 945 datio
215 919 338 956 mea,
375 908 503 960 quasi
538 920 729 948 necesse
758 912 903 957 esset,
938 912 988 947 ut
1012 905 1159 947 adhuc
1184 905 1390 945 sordida-

53 974 150 1011 rer,
186 963 225 1002 si
258 964 478 1013 viverem3
513 964 618 1017 quia
649 963 868 1003 videlicet
890 968 998 1016 post
1021 963 1252 1002 lavacrum
1276 960 1393 1001 illud

53 1018 201 1057 maior
228 1025 274 1059 et
289 1019 595 1072 periculosior
620 1020 667 1060 in
700 1019 915 1060 sordibus
941 1019 1215 1059 delictorum
1236 1023 1392 1058 reatus

52 1072 190 1114 foret.
228 1075 298 1115 Ita
314 1076 404 1115 iam
423 1076 688 1126 credebam,
710 1082 756 1117 et
771 1075 854 1115 illa
872 1081 918 1116 et
938 1075 1083 1116 omnis
1105 1074 1281 1123 domus,
1302 1074 1389 1113 nisi

51 1137 183 1182 pater
206 1132 356 1181 solus,
383 1133 457 1185 qui
477 1138 629 1172 tamen
647 1145 739 1172 non
759 1132 897 1173 evicit
914 1132 960 1171 in
976 1144 1048 1172 me
1066 1131 1137 1172 ius
1156 1136 1390 1171 maternae

51 1186 261 1239 pietatis,
290 1201 377 1242 quo
404 1189 551 1229 minus
570 1189 616 1228 in
636 1187 868 1229 Christum
889 1188 1148 1238 crederem,
1176 1188 1296 1227 sicut
1312 1186 1391 1225 ille

53 1243 255 1284 nondum
280 1244 554 1286 crediderat.
614 1244 729 1286 Nam
752 1245 834 1285 illa
859 1244 1123 1299 satagebat,
1151 1248 1200 1284 ut
1217 1249 1265 1283 tu
1281 1240 1389 1282 mihi

52 1303 185 1351 pater
211 1312 360 1350 esses,
386 1300 513 1341 Deus
538 1313 689 1351 meus,
712 1302 867 1354 potius
894 1313 1023 1354 quam
1044 1300 1144 1340 ille:
1178 1300 1287 1339 etin
1304 1297 1393 1337 hoc

56 1354 305 1396 adiuvabas
333 1369 454 1406 eam,
489 1362 539 1397 ut
565 1364 804 1411 superaret
827 1359 988 1404 virum,
1016 1357 1089 1396 cui
1113 1356 1279 1395 melior
1300 1366 1393 1394 ser-

51 1411 225 1463 viebat3
246 1413 352 1465 quia
371 1419 415 1453 et
432 1415 478 1452 in
496 1411 585 1453 hoc
603 1414 686 1453 tibi
708 1414 863 1466 utique
884 1413 930 1452 id
947 1412 1126 1453 iubenti
1145 1410 1389 1451 serviebat.

50 1466 183 1521 Rogo
203 1473 271 1518 te,
292 1468 418 1509 Deus
439 1481 582 1519 meus,
602 1469 769 1509 vellem
789 1470 922 1518 scire,
944 1469 979 1508 si
1001 1477 1049 1508 tu
1069 1468 1205 1507 etiam
1222 1465 1388 1506 velles:

52 1535 141 1575 quo
168 1525 363 1565 consilio
385 1525 553 1565 dilatus
573 1538 692 1575 sum,
718 1538 774 1565 ne
793 1530 901 1565 tunc
919 1523 1209 1577 baptizarer'}
1238 1526 1387 1563 utrum

48 1578 171 1620 bono
201 1594 303 1621 meo
330 1580 442 1621 mihi
468 1582 597 1634 quasi
624 1581 780 1621 laxata
805 1586 912 1622 sunt
934 1581 1036 1621 lora
1059 1579 1303 1633 peccandi,
1332 1590 1388 1617 an

47 1648 139 1676 non
156 1637 311 1678 laxata
328 1637 455 1677 sunt?
474 1637 604 1678 Unde
625 1650 736 1691 ergo
757 1639 895 1677 etiam
914 1650 1032 1678 nunc
1053 1637 1108 1677 de
1128 1636 1230 1675 aliis
1250 1640 1385 1688 atque

49 1692 154 1733 aliis
187 1699 324 1734 sonat
356 1695 557 1747 undique
591 1694 638 1734 in
672 1695 857 1734 auribus
893 1694 1084 1734 nostris:
1117 1692 1215 1732 sine
1240 1691 1384 1739 illum,

48 1747 191 1789 faciat
223 1750 347 1804 quod
376 1751 495 1801 vult,
529 1750 731 1790 nondum
766 1751 885 1791 enim
917 1750 1178 1804 baptizatus
1205 1747 1302 1788 est?-
1333 1747 1389 1786 Et

49 1807 266 1846 tamenin
286 1807 434 1847 salute
455 1807 663 1860 corporis
682 1820 774 1847 non
794 1807 1005 1846 dicimus:
1040 1807 1159 1855 sine,
1179 1804 1389 1844 vulnere-

49 1866 124 1901 tur
149 1863 363 1916 amplius,
390 1864 590 1903 nondum
609 1864 727 1903 enim
747 1868 934 1903 sanatus
955 1867 1038 1903 est.
1074 1861 1254 1910 Quanto
1275 1871 1385 1913 ergo

49 1918 213 1959 melius
231 1925 276 1959 et
294 1920 386 1960 cito
407 1931 609 1970 sanarer,
627 1924 672 1959 et
689 1919 736 1959 id
756 1924 972 1974 ageretur
988 1931 1165 1959 mecum
1182 1928 1388 1957 meorum

50 1987 242 2028 meaque
262 1976 515 2030 diligentia,
530 1981 580 2016 ut
596 1981 784 2029 recepta
802 1975 926 2016 salus
947 1976 1123 2015 animae
1140 1985 1269 2013 meae
1286 1977 1388 2012 tuta

49 2037 174 2072 esset
188 2032 334 2073 tutela
350 2038 450 2082 tua,
472 2032 549 2085 qui
567 2031 775 2072 dedisses
796 2032 916 2073 eam!
947 2031 1116 2072 Melius
1134 2042 1259 2070 vero.
1294 2026 1386 2068 Sed

50 2092 161 2139 quot
192 2094 238 2129 et
271 2090 430 2142 quanti
462 2087 627 2128 fluctus
655 2088 920 2141 impendere
949 2087 1255 2128 tentationum
1278 2088 1385 2136 post

48 2145 292 2196 pueritiam
312 2144 602 2185 videbantur!
622 2144 827 2184 Noverat
847 2157 927 2184 eos
946 2145 1036 2184 iam
1054 2142 1136 2181 illa
1152 2146 1316 2189 mater,
1338 2143 1384 2177 et

48 2205 218 2240 terram
239 2213 322 2254 per
347 2214 449 2252 eos,
476 2201 595 2240 unde
620 2206 785 2253 postea
809 2199 1054 2246 formarer,
1081 2210 1213 2251 quam
1236 2197 1382 2249 ipsam

48 2262 138 2299 iam
164 2258 361 2311 effigiem
382 2257 667 2297 committere
686 2256 885 2297 volebat.
