<?xml version="1.0" encoding="UTF-8"?>
<!DOCTYPE html PUBLIC "-//W3C//DTD XHTML 1.0 Transitional//EN"
    "http://www.w3.org/TR/xhtml1/DTD/xhtml1-transitional.dtd">
<html xmlns="http://www.w3.org/1999/xhtml" xml:lang="en" lang="en">
 <head>
  <title>
</title>
<meta http-equiv="Content-Type" content="text/html;charset=utf-8" />
  <meta name='ocr-system' content='tesseract 3.04.00' />
  <meta name='ocr-capabilities' content='ocr_page ocr_carea ocr_par ocr_line ocrx_word'/>
</head>
<body>
  <div class='ocr_page' id='page_1' title='image "./saureliiaugustin00augu_0213.png"; bbox 0 0 1514 2438; ppageno 0'>
   <div class='ocr_carea' id='block_1_1' title="bbox 277 86 1357 136">
    <p class='ocr_par' dir='ltr' id='par_1_1' title="bbox 277 86 1357 136">
     <span class='ocr_line' id='line_1_1' title="bbox 277 86 1357 136; baseline -0.009 0"><span class='ocrx_word' id='word_1_1' title='bbox 277 90 807 136; x_wconf 85' lang='lat' dir='ltr'>CONFESSIONUM</span> <span class='ocrx_word' id='word_1_2' title='bbox 835 89 1043 131; x_wconf 89' lang='lat' dir='ltr'>LIBER</span> <span class='ocrx_word' id='word_1_3' title='bbox 1070 88 1128 129; x_wconf 87' lang='lat' dir='ltr'>X.</span> <span class='ocrx_word' id='word_1_4' title='bbox 1280 86 1357 126; x_wconf 70' lang='lat'>187</span> 
     </span>
    </p>
   </div>
   <div class='ocr_carea' id='block_1_2' title="bbox 41 171 1372 2245">
    <p class='ocr_par' dir='ltr' id='par_1_2' title="bbox 41 171 1364 507">
     <span class='ocr_line' id='line_1_2' title="bbox 44 171 1359 226; baseline -0.009 -3"><span class='ocrx_word' id='word_1_5' title='bbox 44 185 374 224; x_wconf 81' lang='lat' dir='ltr'>commutantur</span> <span class='ocrx_word' id='word_1_6' title='bbox 395 177 507 219; x_wconf 85' lang='lat' dir='ltr'>haec</span> <span class='ocrx_word' id='word_1_7' title='bbox 532 177 704 226; x_wconf 83' lang='lat' dir='ltr'>omnia,</span> <span class='ocrx_word' id='word_1_8' title='bbox 728 181 779 217; x_wconf 89' lang='lat' dir='ltr'>tu</span> <span class='ocrx_word' id='word_1_9' title='bbox 801 180 953 216; x_wconf 88' lang='lat' dir='ltr'>autem</span> <span class='ocrx_word' id='word_1_10' title='bbox 975 171 1359 215; x_wconf 83' lang='lat' dir='ltr'>incommutabilis</span> 
     </span>
     <span class='ocr_line' id='line_1_3' title="bbox 41 229 1361 290; baseline -0.008 -12"><span class='ocrx_word' id='word_1_11' title='bbox 41 249 196 279; x_wconf 85' lang='lat' dir='ltr'>manes</span> <span class='ocrx_word' id='word_1_12' title='bbox 221 248 356 290; x_wconf 89' lang='lat' dir='ltr'>super</span> <span class='ocrx_word' id='word_1_13' title='bbox 379 234 549 284; x_wconf 83' lang='lat' dir='ltr'>omnia,</span> <span class='ocrx_word' id='word_1_14' title='bbox 586 237 632 273; x_wconf 90' lang='lat' dir='ltr'>et</span> <span class='ocrx_word' id='word_1_15' title='bbox 658 233 870 286; x_wconf 84' lang='lat' dir='ltr'>dignatus</span> <span class='ocrx_word' id='word_1_16' title='bbox 897 244 944 272; x_wconf 91' lang='lat' dir='ltr'>es</span> <span class='ocrx_word' id='word_1_17' title='bbox 969 229 1175 271; x_wconf 91' lang='lat' dir='ltr'>habitare</span> <span class='ocrx_word' id='word_1_18' title='bbox 1200 229 1245 268; x_wconf 91' lang='lat' dir='ltr'>in</span> <span class='ocrx_word' id='word_1_19' title='bbox 1269 240 1361 268; x_wconf 89' lang='lat' dir='ltr'>me-</span> 
     </span>
     <span class='ocr_line' id='line_1_4' title="bbox 41 284 1362 345; baseline -0.008 -11"><span class='ocrx_word' id='word_1_20' title='bbox 41 295 188 335; x_wconf 84' lang='lat' dir='ltr'>moria</span> <span class='ocrx_word' id='word_1_21' title='bbox 203 304 319 342; x_wconf 87' lang='lat' dir='ltr'>mea,</span> <span class='ocrx_word' id='word_1_22' title='bbox 341 303 396 331; x_wconf 80' lang='lat' dir='ltr'>ex</span> <span class='ocrx_word' id='word_1_23' title='bbox 413 303 499 345; x_wconf 91' lang='lat' dir='ltr'>quo</span> <span class='ocrx_word' id='word_1_24' title='bbox 518 294 563 329; x_wconf 88' lang='lat' dir='ltr'>te</span> <span class='ocrx_word' id='word_1_25' title='bbox 584 289 738 330; x_wconf 87' lang='lat' dir='ltr'>didici.</span> <span class='ocrx_word' id='word_1_26' title='bbox 778 288 838 328; x_wconf 87' lang='lat' dir='ltr'>Et</span> <span class='ocrx_word' id='word_1_27' title='bbox 856 288 963 342; x_wconf 91' lang='lat' dir='ltr'>quid</span> <span class='ocrx_word' id='word_1_28' title='bbox 983 297 1168 341; x_wconf 83' lang='lat' dir='ltr'>quaero,</span> <span class='ocrx_word' id='word_1_29' title='bbox 1189 297 1276 338; x_wconf 93' lang='lat' dir='ltr'>quo</span> <span class='ocrx_word' id='word_1_30' title='bbox 1296 284 1362 323; x_wconf 90' lang='lat' dir='ltr'>lo·</span> 
     </span>
     <span class='ocr_line' id='line_1_5' title="bbox 44 339 1360 400; baseline -0.008 -10"><span class='ocrx_word' id='word_1_31' title='bbox 44 363 97 391; x_wconf 91' lang='lat' dir='ltr'>co</span> <span class='ocrx_word' id='word_1_32' title='bbox 133 350 230 389; x_wconf 89' lang='lat' dir='ltr'>eius</span> <span class='ocrx_word' id='word_1_33' title='bbox 262 346 460 396; x_wconf 89' lang='lat' dir='ltr'>habites,</span> <span class='ocrx_word' id='word_1_34' title='bbox 492 346 622 400; x_wconf 83' lang='lat' dir='ltr'>quasi</span> <span class='ocrx_word' id='word_1_35' title='bbox 653 357 762 385; x_wconf 77' lang='lat' dir='ltr'>vero</span> <span class='ocrx_word' id='word_1_36' title='bbox 798 344 903 384; x_wconf 83' lang='lat' dir='ltr'>loca</span> <span class='ocrx_word' id='word_1_37' title='bbox 930 344 995 384; x_wconf 88' lang='lat' dir='ltr'>ibi</span> <span class='ocrx_word' id='word_1_38' title='bbox 1020 341 1136 383; x_wconf 62' lang='lat' dir='ltr'>sint‘i</span> <span class='ocrx_word' id='word_1_39' title='bbox 1165 339 1360 381; x_wconf 86' lang='lat' dir='ltr'>Habitas</span> 
     </span>
     <span class='ocr_line' id='line_1_6' title="bbox 44 397 1364 456; baseline -0.008 -10"><span class='ocrx_word' id='word_1_40' title='bbox 44 411 167 446; x_wconf 80' lang='lat' dir='ltr'>certe</span> <span class='ocrx_word' id='word_1_41' title='bbox 184 406 231 445; x_wconf 91' lang='lat' dir='ltr'>in</span> <span class='ocrx_word' id='word_1_42' title='bbox 250 416 317 454; x_wconf 86' lang='lat' dir='ltr'>ea,</span> <span class='ocrx_word' id='word_1_43' title='bbox 338 402 550 456; x_wconf 89' lang='lat' dir='ltr'>quoniam</span> <span class='ocrx_word' id='word_1_44' title='bbox 567 402 636 442; x_wconf 87' lang='lat' dir='ltr'>tui</span> <span class='ocrx_word' id='word_1_45' title='bbox 652 401 853 451; x_wconf 89' lang='lat' dir='ltr'>memini,</span> <span class='ocrx_word' id='word_1_46' title='bbox 875 412 932 441; x_wconf 81' lang='lat' dir='ltr'>ex</span> <span class='ocrx_word' id='word_1_47' title='bbox 950 410 1038 454; x_wconf 90' lang='lat' dir='ltr'>quo</span> <span class='ocrx_word' id='word_1_48' title='bbox 1056 404 1102 438; x_wconf 89' lang='lat' dir='ltr'>te</span> <span class='ocrx_word' id='word_1_49' title='bbox 1124 397 1283 447; x_wconf 83' lang='lat' dir='ltr'>didici3</span> <span class='ocrx_word' id='word_1_50' title='bbox 1317 403 1364 436; x_wconf 88' lang='lat' dir='ltr'>et</span> 
     </span>
     <span class='ocr_line' id='line_1_7' title="bbox 42 456 872 507; baseline -0.006 -6"><span class='ocrx_word' id='word_1_51' title='bbox 42 463 88 502; x_wconf 92' lang='lat' dir='ltr'>in</span> <span class='ocrx_word' id='word_1_52' title='bbox 107 474 161 501; x_wconf 90' lang='lat' dir='ltr'>ea</span> <span class='ocrx_word' id='word_1_53' title='bbox 177 466 222 501; x_wconf 88' lang='lat' dir='ltr'>te</span> <span class='ocrx_word' id='word_1_54' title='bbox 240 459 436 507; x_wconf 80' lang='lat' dir='ltr'>invenio,</span> <span class='ocrx_word' id='word_1_55' title='bbox 457 471 558 498; x_wconf 89' lang='lat' dir='ltr'>cum</span> <span class='ocrx_word' id='word_1_56' title='bbox 573 456 795 498; x_wconf 88' lang='lat' dir='ltr'>recordor</span> <span class='ocrx_word' id='word_1_57' title='bbox 811 462 872 497; x_wconf 88' lang='lat' dir='ltr'>te.</span> 
     </span>
    </p>

    <p class='ocr_par' dir='ltr' id='par_1_3' title="bbox 42 507 1367 1228">
     <span class='ocr_line' id='line_1_8' title="bbox 128 507 1364 567; baseline -0.007 -10"><span class='ocrx_word' id='word_1_58' title='bbox 128 517 175 557; x_wconf 91' lang='lat' dir='ltr'>C.</span> <span class='ocrx_word' id='word_1_59' title='bbox 199 514 361 556; x_wconf 90' lang='lat' dir='ltr'>XXVI.</span> <span class='ocrx_word' id='word_1_60' title='bbox 421 514 509 554; x_wconf 87' lang='lat' dir='ltr'>Ubi</span> <span class='ocrx_word' id='word_1_61' title='bbox 543 526 652 567; x_wconf 84' lang='lat' dir='ltr'>ergo</span> <span class='ocrx_word' id='word_1_62' title='bbox 685 518 732 553; x_wconf 85' lang='lat' dir='ltr'>te</span> <span class='ocrx_word' id='word_1_63' title='bbox 765 512 938 562; x_wconf 78' lang='lat' dir='ltr'>inveni,</span> <span class='ocrx_word' id='word_1_64' title='bbox 970 516 1021 551; x_wconf 90' lang='lat' dir='ltr'>ut</span> <span class='ocrx_word' id='word_1_65' title='bbox 1045 511 1269 552; x_wconf 80' lang='lat' dir='ltr'>discerem</span> <span class='ocrx_word' id='word_1_66' title='bbox 1291 507 1364 548; x_wconf 75' lang='lat' dir='ltr'>te!</span> 
     </span>
     <span class='ocr_line' id='line_1_9' title="bbox 43 567 1361 626; baseline -0.008 -12"><span class='ocrx_word' id='word_1_67' title='bbox 43 573 200 626; x_wconf 84' lang='lat' dir='ltr'>Neque</span> <span class='ocrx_word' id='word_1_68' title='bbox 227 571 344 612; x_wconf 91' lang='lat' dir='ltr'>enim</span> <span class='ocrx_word' id='word_1_69' title='bbox 360 571 450 610; x_wconf 84' lang='lat' dir='ltr'>iam</span> <span class='ocrx_word' id='word_1_70' title='bbox 470 582 570 610; x_wconf 79' lang='lat' dir='ltr'>eras</span> <span class='ocrx_word' id='word_1_71' title='bbox 588 570 634 609; x_wconf 91' lang='lat' dir='ltr'>in</span> <span class='ocrx_word' id='word_1_72' title='bbox 651 569 873 609; x_wconf 82' lang='lat' dir='ltr'>memoria</span> <span class='ocrx_word' id='word_1_73' title='bbox 889 580 1011 617; x_wconf 88' lang='lat' dir='ltr'>mea,</span> <span class='ocrx_word' id='word_1_74' title='bbox 1034 567 1299 621; x_wconf 86' lang='lat' dir='ltr'>priusquam</span> <span class='ocrx_word' id='word_1_75' title='bbox 1316 571 1361 604; x_wconf 84' lang='lat' dir='ltr'>te</span> 
     </span>
     <span class='ocr_line' id='line_1_10' title="bbox 45 620 1360 679; baseline -0.008 -10"><span class='ocrx_word' id='word_1_76' title='bbox 45 630 281 669; x_wconf 81' lang='lat' dir='ltr'>discerem.</span> <span class='ocrx_word' id='word_1_77' title='bbox 341 627 430 667; x_wconf 91' lang='lat' dir='ltr'>Ubi</span> <span class='ocrx_word' id='word_1_78' title='bbox 455 637 564 679; x_wconf 84' lang='lat' dir='ltr'>ergo</span> <span class='ocrx_word' id='word_1_79' title='bbox 588 626 743 665; x_wconf 76' lang='lat' dir='ltr'>inveni</span> <span class='ocrx_word' id='word_1_80' title='bbox 764 629 831 674; x_wconf 88' lang='lat' dir='ltr'>te,</span> <span class='ocrx_word' id='word_1_81' title='bbox 859 629 910 665; x_wconf 90' lang='lat' dir='ltr'>ut</span> <span class='ocrx_word' id='word_1_82' title='bbox 932 624 1156 664; x_wconf 84' lang='lat' dir='ltr'>discerem</span> <span class='ocrx_word' id='word_1_83' title='bbox 1179 628 1248 671; x_wconf 77' lang='lat' dir='ltr'>te,</span> <span class='ocrx_word' id='word_1_84' title='bbox 1273 620 1360 660; x_wconf 87' lang='lat' dir='ltr'>nisi</span> 
     </span>
     <span class='ocr_line' id='line_1_11' title="bbox 42 678 1363 738; baseline -0.007 -13"><span class='ocrx_word' id='word_1_85' title='bbox 42 686 88 725; x_wconf 93' lang='lat' dir='ltr'>in</span> <span class='ocrx_word' id='word_1_86' title='bbox 110 690 155 724; x_wconf 89' lang='lat' dir='ltr'>te</span> <span class='ocrx_word' id='word_1_87' title='bbox 174 696 310 738; x_wconf 86' lang='lat' dir='ltr'>supra</span> <span class='ocrx_word' id='word_1_88' title='bbox 326 682 422 724; x_wconf 62' lang='lat' dir='ltr'>me&#39;}</span> <span class='ocrx_word' id='word_1_89' title='bbox 451 682 510 721; x_wconf 89' lang='lat' dir='ltr'>Et</span> <span class='ocrx_word' id='word_1_90' title='bbox 527 693 748 734; x_wconf 85' lang='lat' dir='ltr'>nusquam</span> <span class='ocrx_word' id='word_1_91' title='bbox 763 680 914 731; x_wconf 83' lang='lat' dir='ltr'>locus3</span> <span class='ocrx_word' id='word_1_92' title='bbox 947 685 992 720; x_wconf 90' lang='lat' dir='ltr'>et</span> <span class='ocrx_word' id='word_1_93' title='bbox 1009 678 1264 720; x_wconf 84' lang='lat' dir='ltr'>recedimus</span> <span class='ocrx_word' id='word_1_94' title='bbox 1278 707 1289 726; x_wconf 90' lang='lat'><strong><em>‚</em></strong></span> <span class='ocrx_word' id='word_1_95' title='bbox 1317 682 1363 716; x_wconf 87' lang='lat' dir='ltr'>et</span> 
     </span>
     <span class='ocr_line' id='line_1_12' title="bbox 43 735 1362 791; baseline -0.008 -10"><span class='ocrx_word' id='word_1_96' title='bbox 43 739 300 781; x_wconf 86' lang='lat' dir='ltr'>accedimus</span> <span class='ocrx_word' id='word_1_97' title='bbox 314 770 324 789; x_wconf 94' lang='lat'>‚</span> <span class='ocrx_word' id='word_1_98' title='bbox 345 744 391 779; x_wconf 91' lang='lat' dir='ltr'>et</span> <span class='ocrx_word' id='word_1_99' title='bbox 408 750 629 791; x_wconf 86' lang='lat' dir='ltr'>nusquam</span> <span class='ocrx_word' id='word_1_100' title='bbox 647 736 792 777; x_wconf 89' lang='lat' dir='ltr'>locus.</span> <span class='ocrx_word' id='word_1_101' title='bbox 852 736 1029 789; x_wconf 89' lang='lat' dir='ltr'>Ubique</span> <span class='ocrx_word' id='word_1_102' title='bbox 1046 735 1216 775; x_wconf 83' lang='lat' dir='ltr'>veritas</span> <span class='ocrx_word' id='word_1_103' title='bbox 1236 744 1362 787; x_wconf 86' lang='lat' dir='ltr'>prae-</span> 
     </span>
     <span class='ocr_line' id='line_1_13' title="bbox 43 787 1362 845; baseline -0.008 -8"><span class='ocrx_word' id='word_1_104' title='bbox 43 796 165 838; x_wconf 87' lang='lat' dir='ltr'>sides</span> <span class='ocrx_word' id='word_1_105' title='bbox 186 795 393 836; x_wconf 88' lang='lat' dir='ltr'>omnibus</span> <span class='ocrx_word' id='word_1_106' title='bbox 415 792 759 834; x_wconf 76' lang='lat' dir='ltr'>consulentibus</span> <span class='ocrx_word' id='word_1_107' title='bbox 776 798 842 841; x_wconf 92' lang='lat' dir='ltr'>te,</span> <span class='ocrx_word' id='word_1_108' title='bbox 870 792 1092 845; x_wconf 90' lang='lat' dir='ltr'>simulque</span> <span class='ocrx_word' id='word_1_109' title='bbox 1111 787 1362 842; x_wconf 84' lang='lat' dir='ltr'>respondes</span> 
     </span>
     <span class='ocr_line' id='line_1_14' title="bbox 45 845 1362 901; baseline -0.008 -8"><span class='ocrx_word' id='word_1_110' title='bbox 45 851 273 901; x_wconf 88' lang='lat' dir='ltr'>omnibus,</span> <span class='ocrx_word' id='word_1_111' title='bbox 309 852 447 891; x_wconf 86' lang='lat' dir='ltr'>etiam</span> <span class='ocrx_word' id='word_1_112' title='bbox 472 850 652 890; x_wconf 83' lang='lat' dir='ltr'>diversa</span> <span class='ocrx_word' id='word_1_113' title='bbox 677 848 1035 889; x_wconf 89' lang='lat' dir='ltr'>consulentibus.</span> <span class='ocrx_word' id='word_1_114' title='bbox 1094 845 1290 899; x_wconf 89' lang='lat' dir='ltr'>Liquide</span> <span class='ocrx_word' id='word_1_115' title='bbox 1313 849 1362 884; x_wconf 85' lang='lat' dir='ltr'>tu</span> 
     </span>
     <span class='ocr_line' id='line_1_15' title="bbox 42 901 1364 961; baseline -0.007 -12"><span class='ocrx_word' id='word_1_116' title='bbox 42 907 316 961; x_wconf 88' lang='lat' dir='ltr'>respondes,</span> <span class='ocrx_word' id='word_1_117' title='bbox 342 906 422 946; x_wconf 88' lang='lat' dir='ltr'>sed</span> <span class='ocrx_word' id='word_1_118' title='bbox 440 918 530 946; x_wconf 91' lang='lat' dir='ltr'>non</span> <span class='ocrx_word' id='word_1_119' title='bbox 548 904 720 958; x_wconf 90' lang='lat' dir='ltr'>liquide</span> <span class='ocrx_word' id='word_1_120' title='bbox 742 916 898 945; x_wconf 89' lang='lat' dir='ltr'>omnes</span> <span class='ocrx_word' id='word_1_121' title='bbox 918 903 1120 944; x_wconf 84' lang='lat' dir='ltr'>audiunt.</span> <span class='ocrx_word' id='word_1_122' title='bbox 1182 901 1364 949; x_wconf 89' lang='lat' dir='ltr'>Omnes,</span> 
     </span>
     <span class='ocr_line' id='line_1_16' title="bbox 43 957 1365 1013; baseline -0.008 -8"><span class='ocrx_word' id='word_1_123' title='bbox 43 965 162 1005; x_wconf 90' lang='lat' dir='ltr'>unde</span> <span class='ocrx_word' id='word_1_124' title='bbox 187 964 369 1012; x_wconf 84' lang='lat' dir='ltr'>volunt,</span> <span class='ocrx_word' id='word_1_125' title='bbox 405 961 665 1011; x_wconf 82' lang='lat' dir='ltr'>consulunt3</span> <span class='ocrx_word' id='word_1_126' title='bbox 698 960 780 1001; x_wconf 89' lang='lat' dir='ltr'>sed</span> <span class='ocrx_word' id='word_1_127' title='bbox 805 974 894 1002; x_wconf 90' lang='lat' dir='ltr'>non</span> <span class='ocrx_word' id='word_1_128' title='bbox 922 971 1119 1013; x_wconf 88' lang='lat' dir='ltr'>semper,</span> <span class='ocrx_word' id='word_1_129' title='bbox 1147 957 1267 1011; x_wconf 92' lang='lat' dir='ltr'>quod</span> <span class='ocrx_word' id='word_1_130' title='bbox 1289 968 1365 996; x_wconf 76' lang='lat' dir='ltr'>vo-</span> 
     </span>
     <span class='ocr_line' id='line_1_17' title="bbox 43 1013 1365 1070; baseline -0.007 -10"><span class='ocrx_word' id='word_1_131' title='bbox 43 1021 161 1070; x_wconf 88' lang='lat' dir='ltr'>lunt,</span> <span class='ocrx_word' id='word_1_132' title='bbox 188 1019 389 1059; x_wconf 90' lang='lat' dir='ltr'>audiunt.</span> <span class='ocrx_word' id='word_1_133' title='bbox 453 1017 693 1070; x_wconf 82' lang='lat' dir='ltr'>Optimus</span> <span class='ocrx_word' id='word_1_134' title='bbox 725 1017 977 1057; x_wconf 86' lang='lat' dir='ltr'>minister</span> <span class='ocrx_word' id='word_1_135' title='bbox 998 1020 1119 1055; x_wconf 87' lang='lat' dir='ltr'>tuus</span> <span class='ocrx_word' id='word_1_136' title='bbox 1145 1019 1245 1063; x_wconf 88' lang='lat' dir='ltr'>est,</span> <span class='ocrx_word' id='word_1_137' title='bbox 1277 1013 1365 1066; x_wconf 91' lang='lat' dir='ltr'>qui</span> 
     </span>
     <span class='ocr_line' id='line_1_18' title="bbox 42 1067 1367 1129; baseline -0.007 -13"><span class='ocrx_word' id='word_1_138' title='bbox 42 1089 149 1116; x_wconf 92' lang='lat' dir='ltr'>non</span> <span class='ocrx_word' id='word_1_139' title='bbox 185 1076 351 1129; x_wconf 84' lang='lat' dir='ltr'>magis</span> <span class='ocrx_word' id='word_1_140' title='bbox 391 1074 636 1114; x_wconf 86' lang='lat' dir='ltr'>intuetur</span> <span class='ocrx_word' id='word_1_141' title='bbox 673 1070 773 1113; x_wconf 90' lang='lat' dir='ltr'>hoc</span> <span class='ocrx_word' id='word_1_142' title='bbox 811 1085 838 1112; x_wconf 85' lang='lat' dir='ltr'>a</span> <span class='ocrx_word' id='word_1_143' title='bbox 874 1078 925 1113; x_wconf 90' lang='lat' dir='ltr'>te</span> <span class='ocrx_word' id='word_1_144' title='bbox 966 1071 1173 1120; x_wconf 88' lang='lat' dir='ltr'>audire,</span> <span class='ocrx_word' id='word_1_145' title='bbox 1229 1067 1367 1123; x_wconf 89' lang='lat' dir='ltr'>quod</span> 
     </span>
     <span class='ocr_line' id='line_1_19' title="bbox 42 1125 1366 1186; baseline -0.006 -14"><span class='ocrx_word' id='word_1_146' title='bbox 42 1134 160 1186; x_wconf 90' lang='lat' dir='ltr'>ipse</span> <span class='ocrx_word' id='word_1_147' title='bbox 181 1131 440 1181; x_wconf 80' lang='lat' dir='ltr'>voluerit,</span> <span class='ocrx_word' id='word_1_148' title='bbox 476 1128 563 1169; x_wconf 88' lang='lat' dir='ltr'>sed</span> <span class='ocrx_word' id='word_1_149' title='bbox 586 1129 770 1182; x_wconf 90' lang='lat' dir='ltr'>potius</span> <span class='ocrx_word' id='word_1_150' title='bbox 794 1127 893 1170; x_wconf 91' lang='lat' dir='ltr'>hoc</span> <span class='ocrx_word' id='word_1_151' title='bbox 916 1127 1077 1178; x_wconf 79' lang='lat' dir='ltr'>velle,</span> <span class='ocrx_word' id='word_1_152' title='bbox 1103 1125 1241 1181; x_wconf 92' lang='lat' dir='ltr'>quod</span> <span class='ocrx_word' id='word_1_153' title='bbox 1266 1137 1293 1165; x_wconf 85' lang='lat' dir='ltr'>a</span> <span class='ocrx_word' id='word_1_154' title='bbox 1313 1131 1366 1164; x_wconf 86' lang='lat' dir='ltr'>te</span> 
     </span>
     <span class='ocr_line' id='line_1_20' title="bbox 45 1188 295 1228; baseline -0.008 0"><span class='ocrx_word' id='word_1_155' title='bbox 45 1188 295 1228; x_wconf 81' lang='lat' dir='ltr'>audierit.</span> 
     </span>
    </p>

    <p class='ocr_par' dir='ltr' id='par_1_4' title="bbox 43 1237 1372 1799">
     <span class='ocr_line' id='line_1_21' title="bbox 128 1237 1366 1294; baseline -0.006 -11"><span class='ocrx_word' id='word_1_156' title='bbox 128 1244 175 1283; x_wconf 89' lang='lat' dir='ltr'>C.</span> <span class='ocrx_word' id='word_1_157' title='bbox 202 1242 388 1283; x_wconf 85' lang='lat' dir='ltr'>XXVII.</span> <span class='ocrx_word' id='word_1_158' title='bbox 451 1242 563 1284; x_wconf 91' lang='lat' dir='ltr'>Sero</span> <span class='ocrx_word' id='word_1_159' title='bbox 583 1247 628 1282; x_wconf 90' lang='lat' dir='ltr'>te</span> <span class='ocrx_word' id='word_1_160' title='bbox 648 1241 813 1290; x_wconf 78' lang='lat' dir='ltr'>amavi,</span> <span class='ocrx_word' id='word_1_161' title='bbox 833 1239 1124 1294; x_wconf 87' lang='lat' dir='ltr'>pulchritudo</span> <span class='ocrx_word' id='word_1_162' title='bbox 1143 1245 1235 1278; x_wconf 88' lang='lat' dir='ltr'>tam</span> <span class='ocrx_word' id='word_1_163' title='bbox 1254 1237 1366 1276; x_wconf 88' lang='lat' dir='ltr'>anti-</span> 
     </span>
     <span class='ocr_line' id='line_1_22' title="bbox 46 1294 1367 1354; baseline -0.006 -14"><span class='ocrx_word' id='word_1_164' title='bbox 46 1312 134 1354; x_wconf 87' lang='lat' dir='ltr'>qua</span> <span class='ocrx_word' id='word_1_165' title='bbox 152 1305 197 1339; x_wconf 92' lang='lat' dir='ltr'>et</span> <span class='ocrx_word' id='word_1_166' title='bbox 219 1305 314 1339; x_wconf 88' lang='lat' dir='ltr'>tam</span> <span class='ocrx_word' id='word_1_167' title='bbox 331 1311 469 1348; x_wconf 75' lang='lat' dir='ltr'>nova,</span> <span class='ocrx_word' id='word_1_168' title='bbox 496 1311 599 1339; x_wconf 89' lang='lat' dir='ltr'>sero</span> <span class='ocrx_word' id='word_1_169' title='bbox 619 1304 664 1338; x_wconf 91' lang='lat' dir='ltr'>te</span> <span class='ocrx_word' id='word_1_170' title='bbox 684 1298 845 1337; x_wconf 79' lang='lat' dir='ltr'>amavi.</span> <span class='ocrx_word' id='word_1_171' title='bbox 904 1296 963 1336; x_wconf 90' lang='lat' dir='ltr'>Et</span> <span class='ocrx_word' id='word_1_172' title='bbox 981 1307 1087 1336; x_wconf 91' lang='lat' dir='ltr'>ecce</span> <span class='ocrx_word' id='word_1_173' title='bbox 1105 1294 1227 1333; x_wconf 91' lang='lat' dir='ltr'>intus</span> <span class='ocrx_word' id='word_1_174' title='bbox 1250 1305 1367 1341; x_wconf 89' lang='lat' dir='ltr'>eras,</span> 
     </span>
     <span class='ocr_line' id='line_1_23' title="bbox 47 1349 1365 1409; baseline -0.006 -14"><span class='ocrx_word' id='word_1_175' title='bbox 47 1362 93 1395; x_wconf 87' lang='lat' dir='ltr'>et</span> <span class='ocrx_word' id='word_1_176' title='bbox 111 1368 196 1409; x_wconf 87' lang='lat' dir='ltr'>ego</span> <span class='ocrx_word' id='word_1_177' title='bbox 216 1354 331 1395; x_wconf 86' lang='lat' dir='ltr'>foris</span> <span class='ocrx_word' id='word_1_178' title='bbox 344 1385 354 1404; x_wconf 95' lang='lat'>‚</span> <span class='ocrx_word' id='word_1_179' title='bbox 376 1360 423 1394; x_wconf 89' lang='lat' dir='ltr'>et</span> <span class='ocrx_word' id='word_1_180' title='bbox 438 1354 502 1394; x_wconf 92' lang='lat' dir='ltr'>ibi</span> <span class='ocrx_word' id='word_1_181' title='bbox 519 1359 565 1399; x_wconf 81' lang='lat' dir='ltr'>te</span> <span class='ocrx_word' id='word_1_182' title='bbox 586 1352 879 1406; x_wconf 83' lang='lat' dir='ltr'>quaerebam3</span> <span class='ocrx_word' id='word_1_183' title='bbox 913 1357 958 1391; x_wconf 87' lang='lat' dir='ltr'>et</span> <span class='ocrx_word' id='word_1_184' title='bbox 974 1353 1021 1392; x_wconf 89' lang='lat' dir='ltr'>in</span> <span class='ocrx_word' id='word_1_185' title='bbox 1038 1351 1129 1391; x_wconf 82' lang='lat' dir='ltr'>ista</span> <span class='ocrx_word' id='word_1_186' title='bbox 1145 1349 1365 1397; x_wconf 87' lang='lat' dir='ltr'>formosa,</span> 
     </span>
     <span class='ocr_line' id='line_1_24' title="bbox 46 1407 1368 1465; baseline -0.006 -14"><span class='ocrx_word' id='word_1_187' title='bbox 46 1423 161 1465; x_wconf 88' lang='lat' dir='ltr'>quac</span> <span class='ocrx_word' id='word_1_188' title='bbox 179 1410 347 1459; x_wconf 87' lang='lat' dir='ltr'>fecisti,</span> <span class='ocrx_word' id='word_1_189' title='bbox 367 1409 586 1450; x_wconf 86' lang='lat' dir='ltr'>deformis</span> <span class='ocrx_word' id='word_1_190' title='bbox 604 1409 848 1449; x_wconf 85' lang='lat' dir='ltr'>irruebam.</span> <span class='ocrx_word' id='word_1_191' title='bbox 906 1407 1088 1447; x_wconf 86' lang='lat' dir='ltr'>Mecum</span> <span class='ocrx_word' id='word_1_192' title='bbox 1108 1417 1222 1454; x_wconf 91' lang='lat' dir='ltr'>eras,</span> <span class='ocrx_word' id='word_1_193' title='bbox 1244 1409 1290 1444; x_wconf 92' lang='lat' dir='ltr'>et</span> <span class='ocrx_word' id='word_1_194' title='bbox 1305 1408 1368 1443; x_wconf 90' lang='lat' dir='ltr'>te-</span> 
     </span>
     <span class='ocr_line' id='line_1_25' title="bbox 47 1462 1368 1516; baseline -0.007 -9"><span class='ocrx_word' id='word_1_195' title='bbox 47 1480 147 1507; x_wconf 90' lang='lat' dir='ltr'>cum</span> <span class='ocrx_word' id='word_1_196' title='bbox 172 1479 262 1506; x_wconf 92' lang='lat' dir='ltr'>non</span> <span class='ocrx_word' id='word_1_197' title='bbox 287 1478 422 1506; x_wconf 85' lang='lat' dir='ltr'>eram.</span> <span class='ocrx_word' id='word_1_198' title='bbox 483 1465 551 1505; x_wconf 84' lang='lat' dir='ltr'>Ea</span> <span class='ocrx_word' id='word_1_199' title='bbox 567 1477 637 1505; x_wconf 92' lang='lat' dir='ltr'>me</span> <span class='ocrx_word' id='word_1_200' title='bbox 658 1464 877 1504; x_wconf 88' lang='lat' dir='ltr'>tenebant</span> <span class='ocrx_word' id='word_1_201' title='bbox 893 1463 1030 1516; x_wconf 86' lang='lat' dir='ltr'>longe</span> <span class='ocrx_word' id='word_1_202' title='bbox 1049 1475 1075 1502; x_wconf 88' lang='lat' dir='ltr'>a</span> <span class='ocrx_word' id='word_1_203' title='bbox 1090 1466 1159 1511; x_wconf 89' lang='lat' dir='ltr'>tc,</span> <span class='ocrx_word' id='word_1_204' title='bbox 1180 1472 1311 1514; x_wconf 90' lang='lat' dir='ltr'>quae,</span> <span class='ocrx_word' id='word_1_205' title='bbox 1331 1462 1368 1499; x_wconf 81' lang='lat' dir='ltr'>si</span> 
     </span>
     <span class='ocr_line' id='line_1_26' title="bbox 45 1517 1369 1571; baseline -0.006 -8"><span class='ocrx_word' id='word_1_206' title='bbox 45 1525 91 1564; x_wconf 88' lang='lat' dir='ltr'>in</span> <span class='ocrx_word' id='word_1_207' title='bbox 109 1528 155 1562; x_wconf 85' lang='lat' dir='ltr'>te</span> <span class='ocrx_word' id='word_1_208' title='bbox 174 1534 264 1562; x_wconf 89' lang='lat' dir='ltr'>non</span> <span class='ocrx_word' id='word_1_209' title='bbox 284 1527 451 1571; x_wconf 88' lang='lat' dir='ltr'>essent,</span> <span class='ocrx_word' id='word_1_210' title='bbox 470 1534 561 1561; x_wconf 91' lang='lat' dir='ltr'>non</span> <span class='ocrx_word' id='word_1_211' title='bbox 581 1525 748 1561; x_wconf 88' lang='lat' dir='ltr'>essent.</span> <span class='ocrx_word' id='word_1_212' title='bbox 787 1518 993 1568; x_wconf 90' lang='lat' dir='ltr'>Vocasti,</span> <span class='ocrx_word' id='word_1_213' title='bbox 1015 1524 1061 1558; x_wconf 84' lang='lat' dir='ltr'>et</span> <span class='ocrx_word' id='word_1_214' title='bbox 1080 1517 1302 1565; x_wconf 88' lang='lat' dir='ltr'>clamasti,</span> <span class='ocrx_word' id='word_1_215' title='bbox 1322 1520 1369 1555; x_wconf 90' lang='lat' dir='ltr'>et</span> 
     </span>
     <span class='ocr_line' id='line_1_27' title="bbox 43 1572 1372 1632; baseline -0.005 -14"><span class='ocrx_word' id='word_1_216' title='bbox 43 1579 208 1632; x_wconf 90' lang='lat' dir='ltr'>rupisti</span> <span class='ocrx_word' id='word_1_217' title='bbox 225 1578 493 1618; x_wconf 87' lang='lat' dir='ltr'>surditatem</span> <span class='ocrx_word' id='word_1_218' title='bbox 510 1589 670 1617; x_wconf 86' lang='lat' dir='ltr'>meam.</span> <span class='ocrx_word' id='word_1_219' title='bbox 721 1576 999 1624; x_wconf 86' lang='lat' dir='ltr'>Coruscasti,</span> <span class='ocrx_word' id='word_1_220' title='bbox 1020 1572 1306 1627; x_wconf 88' lang='lat' dir='ltr'>splenduisti,</span> <span class='ocrx_word' id='word_1_221' title='bbox 1326 1576 1372 1611; x_wconf 91' lang='lat' dir='ltr'>et</span> 
     </span>
     <span class='ocr_line' id='line_1_28' title="bbox 43 1627 1366 1688; baseline -0.006 -14"><span class='ocrx_word' id='word_1_222' title='bbox 43 1634 217 1688; x_wconf 85' lang='lat' dir='ltr'>fugasti</span> <span class='ocrx_word' id='word_1_223' title='bbox 245 1634 514 1674; x_wconf 86' lang='lat' dir='ltr'>caecitatem</span> <span class='ocrx_word' id='word_1_224' title='bbox 535 1645 696 1673; x_wconf 89' lang='lat' dir='ltr'>meam.</span> <span class='ocrx_word' id='word_1_225' title='bbox 756 1630 1014 1684; x_wconf 83' lang='lat' dir='ltr'>Fragrasti,</span> <span class='ocrx_word' id='word_1_226' title='bbox 1041 1634 1087 1669; x_wconf 90' lang='lat' dir='ltr'>et</span> <span class='ocrx_word' id='word_1_227' title='bbox 1111 1629 1218 1669; x_wconf 81' lang='lat' dir='ltr'>duxi</span> <span class='ocrx_word' id='word_1_228' title='bbox 1237 1627 1366 1682; x_wconf 87' lang='lat' dir='ltr'>spiri·</span> 
     </span>
     <span class='ocr_line' id='line_1_29' title="bbox 44 1685 1366 1739; baseline -0.005 -9"><span class='ocrx_word' id='word_1_229' title='bbox 44 1696 153 1739; x_wconf 88' lang='lat' dir='ltr'>tum,</span> <span class='ocrx_word' id='word_1_230' title='bbox 174 1696 219 1730; x_wconf 87' lang='lat' dir='ltr'>et</span> <span class='ocrx_word' id='word_1_231' title='bbox 236 1688 399 1729; x_wconf 82' lang='lat' dir='ltr'>anhelo</span> <span class='ocrx_word' id='word_1_232' title='bbox 419 1689 517 1730; x_wconf 87' lang='lat' dir='ltr'>tibi.</span> <span class='ocrx_word' id='word_1_233' title='bbox 581 1688 786 1737; x_wconf 79' lang='lat' dir='ltr'>Gustavi,</span> <span class='ocrx_word' id='word_1_234' title='bbox 806 1692 852 1726; x_wconf 91' lang='lat' dir='ltr'>et</span> <span class='ocrx_word' id='word_1_235' title='bbox 870 1686 1041 1737; x_wconf 90' lang='lat' dir='ltr'>esurio,</span> <span class='ocrx_word' id='word_1_236' title='bbox 1061 1690 1106 1726; x_wconf 90' lang='lat' dir='ltr'>et</span> <span class='ocrx_word' id='word_1_237' title='bbox 1124 1685 1247 1726; x_wconf 87' lang='lat' dir='ltr'>sitio.</span> <span class='ocrx_word' id='word_1_238' title='bbox 1280 1685 1366 1724; x_wconf 87' lang='lat' dir='ltr'>Te·</span> 
     </span>
     <span class='ocr_line' id='line_1_30' title="bbox 45 1744 928 1799; baseline -0.005 -13"><span class='ocrx_word' id='word_1_239' title='bbox 45 1746 194 1799; x_wconf 83' lang='lat' dir='ltr'>tigisti</span> <span class='ocrx_word' id='word_1_240' title='bbox 212 1758 299 1795; x_wconf 92' lang='lat' dir='ltr'>me,</span> <span class='ocrx_word' id='word_1_241' title='bbox 321 1751 366 1785; x_wconf 92' lang='lat' dir='ltr'>et</span> <span class='ocrx_word' id='word_1_242' title='bbox 384 1745 537 1786; x_wconf 81' lang='lat' dir='ltr'>exarsi</span> <span class='ocrx_word' id='word_1_243' title='bbox 553 1744 599 1784; x_wconf 93' lang='lat' dir='ltr'>in</span> <span class='ocrx_word' id='word_1_244' title='bbox 616 1756 775 1798; x_wconf 88' lang='lat' dir='ltr'>pacem</span> <span class='ocrx_word' id='word_1_245' title='bbox 790 1748 928 1783; x_wconf 89' lang='lat' dir='ltr'>tuam.</span> 
     </span>
    </p>

    <p class='ocr_par' dir='ltr' id='par_1_5' title="bbox 43 1797 1370 2245">
     <span class='ocr_line' id='line_1_31' title="bbox 131 1797 1367 1846; baseline -0.005 -5"><span class='ocrx_word' id='word_1_246' title='bbox 131 1801 178 1841; x_wconf 90' lang='lat' dir='ltr'>C.</span> <span class='ocrx_word' id='word_1_247' title='bbox 195 1801 401 1842; x_wconf 88' lang='lat' dir='ltr'>XXVIII.</span> <span class='ocrx_word' id='word_1_248' title='bbox 463 1801 573 1841; x_wconf 91' lang='lat' dir='ltr'>Cum</span> <span class='ocrx_word' id='word_1_249' title='bbox 588 1798 833 1841; x_wconf 86' lang='lat' dir='ltr'>inhaesero</span> <span class='ocrx_word' id='word_1_250' title='bbox 851 1798 935 1839; x_wconf 83' lang='lat' dir='ltr'>tibi</span> <span class='ocrx_word' id='word_1_251' title='bbox 955 1810 1011 1839; x_wconf 79' lang='lat' dir='ltr'>ex</span> <span class='ocrx_word' id='word_1_252' title='bbox 1029 1797 1150 1838; x_wconf 89' lang='lat' dir='ltr'>omni</span> <span class='ocrx_word' id='word_1_253' title='bbox 1165 1808 1253 1846; x_wconf 92' lang='lat' dir='ltr'>me,</span> <span class='ocrx_word' id='word_1_254' title='bbox 1266 1809 1367 1835; x_wconf 88' lang='lat' dir='ltr'>nus-</span> 
     </span>
     <span class='ocr_line' id='line_1_32' title="bbox 48 1854 1361 1910; baseline -0.005 -13"><span class='ocrx_word' id='word_1_255' title='bbox 48 1870 179 1910; x_wconf 89' lang='lat' dir='ltr'>quam</span> <span class='ocrx_word' id='word_1_256' title='bbox 205 1858 291 1897; x_wconf 88' lang='lat' dir='ltr'>erit</span> <span class='ocrx_word' id='word_1_257' title='bbox 311 1856 424 1897; x_wconf 90' lang='lat' dir='ltr'>mihi</span> <span class='ocrx_word' id='word_1_258' title='bbox 447 1856 579 1897; x_wconf 91' lang='lat' dir='ltr'>dolor</span> <span class='ocrx_word' id='word_1_259' title='bbox 604 1862 650 1897; x_wconf 92' lang='lat' dir='ltr'>et</span> <span class='ocrx_word' id='word_1_260' title='bbox 666 1856 815 1906; x_wconf 82' lang='lat' dir='ltr'>labor3</span> <span class='ocrx_word' id='word_1_261' title='bbox 849 1860 894 1896; x_wconf 88' lang='lat' dir='ltr'>et</span> <span class='ocrx_word' id='word_1_262' title='bbox 910 1854 1013 1895; x_wconf 84' lang='lat' dir='ltr'>viva</span> <span class='ocrx_word' id='word_1_263' title='bbox 1032 1854 1119 1894; x_wconf 93' lang='lat' dir='ltr'>erit</span> <span class='ocrx_word' id='word_1_264' title='bbox 1134 1854 1230 1893; x_wconf 75' lang='lat' dir='ltr'>vita</span> <span class='ocrx_word' id='word_1_265' title='bbox 1245 1863 1361 1901; x_wconf 87' lang='lat' dir='ltr'>mea,</span> 
     </span>
     <span class='ocr_line' id='line_1_33' title="bbox 45 1908 1368 1967; baseline -0.005 -14"><span class='ocrx_word' id='word_1_266' title='bbox 45 1918 145 1953; x_wconf 83' lang='lat' dir='ltr'>tota</span> <span class='ocrx_word' id='word_1_267' title='bbox 160 1913 295 1967; x_wconf 79' lang='lat' dir='ltr'>plena</span> <span class='ocrx_word' id='word_1_268' title='bbox 311 1918 372 1954; x_wconf 86' lang='lat' dir='ltr'>te.</span> <span class='ocrx_word' id='word_1_269' title='bbox 416 1911 546 1953; x_wconf 91' lang='lat' dir='ltr'>Nunc</span> <span class='ocrx_word' id='word_1_270' title='bbox 564 1917 715 1953; x_wconf 86' lang='lat' dir='ltr'>autem</span> <span class='ocrx_word' id='word_1_271' title='bbox 734 1911 961 1965; x_wconf 86' lang='lat' dir='ltr'>quoniam,</span> <span class='ocrx_word' id='word_1_272' title='bbox 976 1922 1108 1964; x_wconf 89' lang='lat' dir='ltr'>quem</span> <span class='ocrx_word' id='word_1_273' title='bbox 1125 1914 1174 1950; x_wconf 88' lang='lat' dir='ltr'>tu</span> <span class='ocrx_word' id='word_1_274' title='bbox 1190 1908 1368 1962; x_wconf 85' lang='lat' dir='ltr'>imples,</span> 
     </span>
     <span class='ocr_line' id='line_1_34' title="bbox 45 1963 1370 2022; baseline -0.005 -13"><span class='ocrx_word' id='word_1_275' title='bbox 45 1968 256 2009; x_wconf 79' lang='lat' dir='ltr'>sublevas</span> <span class='ocrx_word' id='word_1_276' title='bbox 290 1981 411 2019; x_wconf 91' lang='lat' dir='ltr'>eum,</span> <span class='ocrx_word' id='word_1_277' title='bbox 446 1969 658 2022; x_wconf 86' lang='lat' dir='ltr'>quoniam</span> <span class='ocrx_word' id='word_1_278' title='bbox 687 1968 757 2008; x_wconf 91' lang='lat' dir='ltr'>tui</span> <span class='ocrx_word' id='word_1_279' title='bbox 786 1968 947 2020; x_wconf 89' lang='lat' dir='ltr'>plenus</span> <span class='ocrx_word' id='word_1_280' title='bbox 971 1978 1063 2007; x_wconf 91' lang='lat' dir='ltr'>non</span> <span class='ocrx_word' id='word_1_281' title='bbox 1086 1979 1205 2016; x_wconf 91' lang='lat' dir='ltr'>sum,</span> <span class='ocrx_word' id='word_1_282' title='bbox 1240 1963 1370 2004; x_wconf 89' lang='lat' dir='ltr'>oneri</span> 
     </span>
     <span class='ocr_line' id='line_1_35' title="bbox 44 2020 1368 2066; baseline -0.005 -1"><span class='ocrx_word' id='word_1_283' title='bbox 44 2023 154 2065; x_wconf 88' lang='lat' dir='ltr'>mihi</span> <span class='ocrx_word' id='word_1_284' title='bbox 186 2038 297 2066; x_wconf 90' lang='lat' dir='ltr'>sum.</span> <span class='ocrx_word' id='word_1_285' title='bbox 360 2024 652 2065; x_wconf 89' lang='lat' dir='ltr'>Contendunt</span> <span class='ocrx_word' id='word_1_286' title='bbox 682 2024 887 2064; x_wconf 86' lang='lat' dir='ltr'>laetitiae</span> <span class='ocrx_word' id='word_1_287' title='bbox 912 2034 1041 2064; x_wconf 84' lang='lat' dir='ltr'>meae</span> <span class='ocrx_word' id='word_1_288' title='bbox 1061 2020 1239 2062; x_wconf 83' lang='lat' dir='ltr'>flendae</span> <span class='ocrx_word' id='word_1_289' title='bbox 1268 2032 1368 2059; x_wconf 91' lang='lat' dir='ltr'>cum</span> 
     </span>
     <span class='ocr_line' id='line_1_36' title="bbox 43 2075 1366 2134; baseline -0.004 -15"><span class='ocrx_word' id='word_1_290' title='bbox 43 2080 269 2121; x_wconf 81' lang='lat' dir='ltr'>laetandis</span> <span class='ocrx_word' id='word_1_291' title='bbox 293 2080 604 2130; x_wconf 88' lang='lat' dir='ltr'>moeroribus,</span> <span class='ocrx_word' id='word_1_292' title='bbox 629 2084 675 2120; x_wconf 85' lang='lat' dir='ltr'>et</span> <span class='ocrx_word' id='word_1_293' title='bbox 701 2092 758 2120; x_wconf 84' lang='lat' dir='ltr'>ex</span> <span class='ocrx_word' id='word_1_294' title='bbox 781 2092 869 2134; x_wconf 83' lang='lat' dir='ltr'>qua</span> <span class='ocrx_word' id='word_1_295' title='bbox 890 2083 1019 2132; x_wconf 88' lang='lat' dir='ltr'>parte</span> <span class='ocrx_word' id='word_1_296' title='bbox 1045 2082 1137 2118; x_wconf 92' lang='lat' dir='ltr'>stet</span> <span class='ocrx_word' id='word_1_297' title='bbox 1156 2075 1366 2124; x_wconf 82' lang='lat' dir='ltr'>victoria,</span> 
     </span>
     <span class='ocr_line' id='line_1_37' title="bbox 44 2132 1366 2185; baseline -0.005 -10"><span class='ocrx_word' id='word_1_298' title='bbox 44 2136 216 2176; x_wconf 85' lang='lat' dir='ltr'>nescio.</span> <span class='ocrx_word' id='word_1_299' title='bbox 274 2137 367 2177; x_wconf 91' lang='lat' dir='ltr'>Hei</span> <span class='ocrx_word' id='word_1_300' title='bbox 384 2135 515 2185; x_wconf 88' lang='lat' dir='ltr'>mih1,</span> <span class='ocrx_word' id='word_1_301' title='bbox 533 2135 744 2185; x_wconf 91' lang='lat' dir='ltr'>Domine,</span> <span class='ocrx_word' id='word_1_302' title='bbox 764 2137 984 2175; x_wconf 89' lang='lat' dir='ltr'>miserere</span> <span class='ocrx_word' id='word_1_303' title='bbox 1002 2134 1106 2174; x_wconf 90' lang='lat' dir='ltr'>mei.</span> <span class='ocrx_word' id='word_1_304' title='bbox 1171 2132 1366 2171; x_wconf 89' lang='lat' dir='ltr'>Conten-</span> 
     </span>
     <span class='ocr_line' id='line_1_38' title="bbox 49 2189 1367 2245; baseline -0.005 -13"><span class='ocrx_word' id='word_1_305' title='bbox 49 2191 159 2232; x_wconf 90' lang='lat' dir='ltr'>dunt</span> <span class='ocrx_word' id='word_1_306' title='bbox 175 2205 410 2234; x_wconf 90' lang='lat' dir='ltr'>moerores</span> <span class='ocrx_word' id='word_1_307' title='bbox 428 2191 518 2232; x_wconf 89' lang='lat' dir='ltr'>mei</span> <span class='ocrx_word' id='word_1_308' title='bbox 534 2191 642 2232; x_wconf 86' lang='lat' dir='ltr'>mali</span> <span class='ocrx_word' id='word_1_309' title='bbox 661 2204 760 2232; x_wconf 89' lang='lat' dir='ltr'>cum</span> <span class='ocrx_word' id='word_1_310' title='bbox 779 2190 957 2245; x_wconf 85' lang='lat' dir='ltr'>gaudiis</span> <span class='ocrx_word' id='word_1_311' title='bbox 973 2189 1122 2239; x_wconf 87' lang='lat' dir='ltr'>bonis,</span> <span class='ocrx_word' id='word_1_312' title='bbox 1145 2193 1190 2228; x_wconf 90' lang='lat' dir='ltr'>et</span> <span class='ocrx_word' id='word_1_313' title='bbox 1208 2199 1264 2227; x_wconf 82' lang='lat' dir='ltr'>ex</span> <span class='ocrx_word' id='word_1_314' title='bbox 1281 2198 1367 2239; x_wconf 88' lang='lat' dir='ltr'>qua</span> 
     </span>
    </p>
   </div>
  </div>
 </body>
</html>
