1514 2438
236 143 778 189 CONFESSIONUM
806 141 1017 184 LIBER
1044 139 1156 181 XII.
1308 138 1389 179 237

143 233 188 273 C.
213 231 314 273 XII.
378 230 552 281 Quibus
596 228 923 278 consideratis,
972 230 1186 281 quantum
1227 223 1388 275 donas,

56 289 181 329 Deus
200 301 343 338 meus,
361 293 577 342 quantum
595 298 666 326 me
682 285 737 325 ad
756 283 1027 338 pulsandum
1046 281 1236 331 excitas,
1251 293 1390 334 quan-

55 352 241 398 tumque
274 344 474 398 pulsanti
508 342 680 395 aperis!
712 341 817 381 Duo
843 340 1048 394 reperio,
1090 349 1205 391 quae
1231 335 1391 377 fecisti

56 402 262 441 carentia
286 399 593 453 temporibus,
628 411 728 438 cum
754 397 840 437 tibi
861 401 1072 436 neutrum
1097 397 1392 433 coaeternum

54 459 131 498 sit:
151 470 303 507 unum,
317 456 439 510 quod
455 456 522 495 ita
537 454 783 494 formatum
802 457 887 502 est,
904 459 955 492 ut
971 451 1068 491 sine
1086 449 1182 490 ullo
1204 448 1392 489 defectu

55 513 479 566 contemplationiS,
529 513 627 552 sine
676 510 769 550 ullo
817 507 1062 549 intervallo
1100 505 1388 555 mutationis,

56 570 260 626 quamvis
278 568 497 609 mutabile
509 599 519 618 ‚
543 572 697 607 tamen
714 578 806 606 non
823 569 1068 613 mutatum,
1095 571 1175 603 tua
1192 561 1388 601 aeterni-

53 632 149 666 tate
184 632 319 680 atque
355 622 819 665 incommutabilitate
853 619 1136 674 perfruatur3
1176 618 1388 667 alterum,

56 683 178 736 quod
195 683 260 722 ita
275 681 473 723 informe
494 685 612 729 erat,
638 686 688 719 ut
706 691 763 720 ex
780 690 869 732 qua
885 676 1054 727 forma,
1078 676 1125 716 in
1144 686 1277 728 quam
1294 672 1386 713 for-

54 752 171 779 mam
198 739 275 779 vel
296 737 514 778 motionis
539 736 614 777 vel
631 735 845 776 stationis
862 737 1136 782 mutaretur,
1166 742 1254 783 quo
1273 735 1386 769 tem-

52 796 157 849 pori
177 794 471 843 subderetur,
505 805 597 833 non
620 789 823 832 haberet.
885 789 978 832 Sed
1000 787 1089 829 hoc
1112 792 1163 827 ut
1186 785 1384 826 informe

53 856 202 901 esset,
235 863 326 890 non
358 849 608 902 reliquisti,
642 848 856 901 quoniam
888 845 1046 887 fecisti
1076 848 1180 884 ante
1207 854 1386 883 omnem

55 908 197 957 diem,
215 907 262 946 in
279 905 522 960 principio,
543 903 724 945 coelum
742 908 789 944 et
804 907 989 952 terram,
1008 899 1123 940 haec
1142 899 1248 949 duo,
1269 910 1385 952 quae

55 963 276 1004 dicebam.
342 959 485 1002 Terra
503 967 649 1000 autem
662 958 889 1000 invisibilis
906 964 1004 999 erat
1020 962 1060 998 et
1077 954 1384 1008 incomposita,

56 1027 99 1059 et
124 1018 328 1059 tenebrae
355 1031 485 1071 super
507 1016 723 1071 abyssum.
745 1015 881 1066 (Gen.
902 1016 941 1065 1,
960 1015 1022 1065 2.)
1086 1011 1262 1061 Quibus
1285 1022 1387 1051 ver-

55 1076 124 1117 bis
157 1076 417 1115 insinuatur
436 1073 720 1123 informitas,
754 1077 806 1114 ut
829 1070 1058 1126 gradatim
1083 1067 1385 1122 excipiantur,

56 1131 133 1185 qui
159 1131 468 1172 omnimodam
491 1130 667 1183 speciei
690 1128 1016 1185 privationem,
1040 1137 1127 1166 nec
1147 1128 1302 1165 tamen
1327 1123 1384 1163 ad

51 1187 169 1229 nihil
184 1187 530 1240 perventionem
549 1186 756 1240 cogitare
774 1198 866 1226 non
881 1186 1095 1238 possunt,
1112 1181 1235 1223 unde
1253 1180 1389 1221 fieret

53 1245 249 1285 alterum
274 1243 476 1293 coelum,
511 1248 558 1284 et
579 1247 705 1283 terra
727 1240 925 1282 visibilis
951 1245 1088 1294 atque
1112 1236 1385 1291 composita,

55 1307 101 1341 et
119 1313 237 1355 aqua
254 1300 480 1353 speciosa,
495 1304 541 1339 et
559 1298 781 1352 quidquid
798 1297 1014 1351 deinceps
1030 1296 1078 1335 in
1097 1292 1386 1335 constitutio-

53 1370 109 1398 ne
134 1356 269 1396 huius
284 1356 443 1396 mundi
460 1368 552 1395 non
572 1355 669 1395 sine
690 1353 851 1394 diebus
870 1351 1043 1394 factum
1062 1360 1387 1391 commemora-

50 1420 147 1463 tur,
173 1413 281 1466 quia
302 1412 415 1452 talia
439 1416 564 1461 sunt,
598 1415 649 1450 ut
670 1410 718 1449 in
743 1411 809 1450 eis
834 1413 1028 1463 agantur
1042 1405 1386 1447 vicissitudines

51 1476 310 1523 temporum
340 1472 530 1521 propter
553 1466 788 1507 ordinatas
816 1463 1198 1506 commutationes
1221 1461 1386 1502 motio-

53 1539 160 1566 num
178 1531 313 1579 atque
331 1524 595 1565 formarum.

138 1582 186 1622 C.
212 1581 334 1622 XIII.
393 1580 498 1620 Hoc
531 1578 715 1619 interim
741 1577 913 1628 sentio,
945 1576 1074 1617 Deus
1098 1588 1249 1625 meuS,
1284 1589 1385 1616 cum

55 1638 192 1678 audio
219 1638 484 1691 loquentem
505 1636 776 1689 scripturam
793 1639 936 1675 tuam:
969 1632 1024 1674 In
1034 1630 1387 1687 principiofecit

55 1693 177 1735 Deus
202 1695 368 1734 coelam
386 1700 429 1733 et
446 1700 612 1732 terram
622 1705 641 1741 ,·
677 1698 798 1731 terra
817 1697 963 1730 autem
982 1696 1077 1730 erat
1094 1687 1324 1729 invisibilis
1343 1694 1388 1728 et

54 1750 366 1804 incomposita,
393 1755 437 1789 et
452 1748 656 1789 tenebrae
678 1753 810 1788 erant
828 1759 958 1800 saper
975 1745 1205 1800 abyssum3
1234 1756 1383 1797 neque

56 1810 509 1855 commemorantem,
529 1810 669 1859 quoto
695 1804 768 1844 die
786 1802 955 1843 feceris
977 1801 1105 1843 haec.
1168 1800 1245 1842 Sic
1269 1801 1384 1840 inte-

53 1863 141 1902 rim
153 1864 301 1903 sentio
319 1867 509 1915 propter
524 1861 641 1901 illud
659 1860 838 1900 coelum
858 1859 992 1908 coeli,
1007 1859 1186 1899 coelum
1202 1856 1383 1897 intelle-

57 1918 208 1958 ctuale
219 1949 230 1968 ,
255 1918 334 1959 ubi
351 1924 422 1958 est
437 1917 700 1958 intellectus
719 1928 856 1956 nosse
876 1915 1031 1966 simul,
1054 1927 1147 1955 non
1165 1926 1222 1955 ex
1238 1918 1383 1966 parte,

55 1986 146 2014 non
165 1975 212 2014 in
232 1975 513 2027 aenigmate,
536 1986 628 2014 non
646 1985 728 2026 per
747 1972 1003 2026 speculum,
1023 1970 1105 2011 sed
1124 1983 1181 2010 ex
1196 1974 1314 2017 toto,
1337 1969 1381 2006 in

53 2029 451 2079 manifestatione,
469 2029 589 2069 facie
609 2029 666 2069 ad
682 2028 869 2080 faciem3
901 2040 993 2068 non
1008 2026 1146 2068 modo
1168 2023 1272 2074 hoc,
1288 2035 1384 2063 mo-

56 2086 114 2126 do
139 2087 276 2136 illud,
303 2086 385 2126 sed
410 2085 531 2138 quod
553 2085 722 2126 dictum
747 2090 837 2135 est,
863 2097 1000 2124 nosse
1020 2082 1156 2123 simul
1173 2081 1270 2121 sine
1288 2079 1386 2119 ulla.

54 2142 373 2183 vicissitudine
392 2147 668 2195 temporum,
686 2147 731 2181 et
747 2146 935 2195 propter
951 2139 1228 2179 invisibilem
1248 2140 1383 2189 atque

55 2199 408 2252 incompositam
433 2203 603 2238 terram
625 2198 723 2237 sine
750 2198 844 2237 ulla
865 2194 1183 2236 vicissitudine
1208 2198 1383 2245 tempo-

55 2268 169 2302 rum,
187 2268 303 2308 quae
323 2255 445 2295 solet
460 2252 628 2293 habere
646 2253 783 2293 modo
803 2252 890 2293 hoc
910 2257 955 2292 et
970 2251 1107 2291 modo
1126 2249 1258 2299 illud3
1278 2248 1385 2301 quia
