1473 2443
80 141 132 180 84
398 139 675 180 AURELII
704 139 1073 182 AUGUSTINI

79 226 169 265 etsi
193 224 391 264 nondum
423 228 701 278 compertam
723 236 829 265 vera
847 224 1109 275 docentem,
1136 236 1226 265 non
1243 229 1394 265 tamen

80 293 135 320 ea
152 281 405 328 docentem,
423 292 537 334 quae
556 280 756 334 graviter
773 280 1060 321 adcusabam.
1113 281 1269 334 Itaque
1289 293 1393 320 con-

79 336 324 384 fundebar,
345 340 390 375 et
408 335 728 385 convertebar,
749 341 796 376 et
814 336 1089 389 gaudebam,
1108 336 1234 376 Deus
1252 349 1394 385 meuS,

83 392 201 445 quod
236 392 434 431 ecclesia
463 392 599 432 unica
631 403 794 445 corpus
818 392 951 433 Unici
982 393 1070 443 tui,
1104 393 1150 432 in
1174 404 1262 445 qua
1283 390 1392 431 mihi

79 459 245 488 nomen
262 445 430 487 Christi
447 447 612 487 infanti
631 452 701 488 est
717 448 922 497 inditum,
943 460 1032 488 non
1051 452 1233 502 saperet
1251 447 1395 487 infan-

77 504 185 544 tiles
204 515 370 556 nugas;
404 516 549 556 neque
570 501 657 543 hoc
675 501 865 543 haberet
880 504 925 543 in
944 503 1153 543 doctrina
1170 516 1252 544 sua
1270 516 1394 552 sana,

79 559 202 613 quod
224 564 270 598 te
290 564 543 599 creatorem
563 559 759 599 omnium
778 560 823 598 in
842 560 1037 612 spatium
1056 560 1167 610 loci,
1194 559 1395 612 quamvis

80 628 301 655 summum
342 619 388 654 et
421 615 614 668 amplum
628 645 638 664 ,
677 620 829 654 tamen
861 615 1058 668 undique
1090 616 1394 663 terminatum,

80 671 383 711 membrorum
415 669 710 710 humanorum
737 671 883 724 figura
909 671 1215 710 contruderet.
1278 670 1394 709 Gau-

82 727 243 767 debam
269 727 425 775 etiam,
452 727 573 779 quod
596 731 753 766 vetera
770 727 939 779 scripta
956 727 1073 780 legis
1094 731 1138 766 et
1154 724 1394 778 propheta-

78 795 178 822 rum
203 783 292 821 iam
311 794 400 821 non
418 782 498 821 illo
520 783 653 821 oculo
673 780 785 821 mihi
803 781 999 836 legenda
1016 786 1394 834 proponerentur,

80 850 168 891 quo
197 844 330 877 antea
353 838 621 877 videbantur
648 837 866 885 absurda,
895 850 994 877 cuin
1022 837 1266 891 arguebam
1284 842 1393 877 tam-

79 906 212 947 quam
236 894 302 932 ita
324 894 572 933 sentientes
602 898 784 933 sanctos
806 898 930 944 tuos3
963 904 1118 933 verum
1137 898 1286 933 autem
1304 905 1394 932 non

77 951 142 989 ita
177 949 455 989 sentiebant:
491 955 535 988 et
558 955 785 1001 tamquam
811 949 1015 1002 regulam
1043 948 1393 1003 diligentissime

80 1005 440 1054 commendaret,
461 1017 596 1057 saepe
617 1006 663 1043 in
680 1004 973 1057 popularibus
996 1005 1280 1045 sermonibus
1300 1004 1394 1044 suis

80 1061 308 1100 dicentem
325 1060 609 1099 Ambrosium
628 1061 775 1100 laetus
795 1059 1054 1100 audiebam:
1074 1060 1201 1100 litera
1219 1059 1391 1108 occidit,

76 1116 263 1169 spiritus
283 1123 425 1155 autem
445 1115 636 1170 vimfleat·
653 1117 696 1165 (2
717 1116 819 1156 Cor.
839 1115 879 1166 3,
899 1115 979 1167 6.);
1001 1129 1099 1156 oum
1120 1128 1187 1166 ea,
1202 1127 1316 1168 quae
1336 1116 1392 1155 ad

76 1173 258 1212 literam
296 1173 641 1225 perversitatem
682 1171 848 1211 dooere
881 1172 1175 1221 videbantur,
1214 1176 1390 1210 remoto

77 1229 272 1281 mystico
297 1228 553 1267 velamento
581 1228 849 1280 spiritaliter
873 1229 1093 1280 aperiret,
1123 1240 1212 1266 non
1236 1227 1391 1266 dicens

77 1284 199 1337 quod
217 1296 287 1322 me
308 1283 581 1333 offenderet,
608 1284 809 1336 quamvis
830 1296 884 1323 ea
902 1284 1095 1333 diceret,
1112 1295 1226 1336 quae
1243 1287 1392 1321 utrum

75 1352 186 1379 vera
219 1345 373 1379 essent
405 1338 550 1379 adhuc
580 1340 853 1393 ignorarem.
915 1339 1144 1379 Tenebam
1169 1339 1285 1378 enim
1314 1351 1393 1377 eor

77 1408 227 1435 meum
254 1395 307 1434 ab
335 1396 455 1434 omni
476 1395 770 1444 adsensione,
796 1396 960 1435 timens
980 1395 1313 1448 praecipitium3
1347 1400 1393 1433 et

77 1451 324 1503 suspendio
364 1451 509 1504 inagis
542 1451 751 1491 necabar.
818 1450 1035 1491 Volebam
1068 1452 1185 1490 enim
1219 1461 1389 1498 eorum,

79 1519 193 1561 quae
228 1519 317 1546 non
353 1507 578 1557 viderem,
612 1507 677 1547 ita
704 1519 773 1546 me
805 1512 977 1547 certum
1010 1507 1106 1547 fieri
1121 1537 1131 1555 ‚
1165 1511 1214 1545 ut
1240 1511 1389 1545 certus

79 1575 243 1611 essem,
265 1563 382 1615 quod
404 1569 577 1615 septem
593 1568 638 1603 et
656 1563 743 1602 tria
761 1563 918 1603 decem
939 1563 1041 1602 sint.
1095 1561 1252 1614 Neque
1272 1561 1388 1601 enim

77 1624 169 1657 tam
187 1619 373 1657 insanus
394 1630 515 1658 eram
529 1649 539 1668 ‚
558 1624 608 1658 ut
632 1630 685 1658 ne
712 1618 797 1658 hoe
828 1618 1007 1672 quidem
1029 1622 1232 1670 putarem
1252 1628 1388 1669 posse

79 1672 425 1726 comprehendi,
454 1674 535 1714 sed
559 1675 676 1714 siout
700 1673 810 1723 hoc,
838 1675 903 1713 ita
928 1678 1110 1713 caetera
1137 1672 1387 1726 cupiebam,

77 1731 172 1769 sive
193 1729 471 1782 corporalia,
497 1742 609 1782 quae
630 1742 781 1769 coram
796 1729 1003 1769 sensibus
1020 1729 1133 1768 meis
1154 1742 1242 1767 non
1261 1728 1388 1769 ades-

77 1791 193 1834 sent,
213 1786 308 1825 sive
327 1785 571 1837 spiritalia,
592 1785 645 1824 de
665 1785 825 1837 quibus
847 1785 1050 1838 cogitare
1068 1785 1156 1824 nisi
1176 1796 1386 1836 corpora-

75 1840 185 1881 liter
216 1841 491 1880 nesciebam.
551 1841 615 1880 Et
656 1854 676 1880 s
689 1853 749 1880 an
762 1841 844 1879 ari
893 1852 981 1879 cre
996 1840 1023 1879 d
1036 1852 1095 1880 en
1109 1840 1135 1879 d
1149 1852 1173 1879 o
1236 1853 1262 1893 p
1275 1845 1388 1879 ote-

75 1909 184 1936 ram
198 1927 208 1945 ‚
228 1902 276 1935 ut
293 1896 529 1949 purgatior
547 1896 668 1935 acies
687 1896 850 1935 mentis
868 1908 994 1936 meae
1015 1895 1289 1949 dirigeretur
1307 1895 1386 1933 ali-

79 1964 166 2006 quo
188 1951 322 1991 modo
342 1952 388 1990 in
406 1952 645 1991 veritatem
661 1956 783 1991 tuam
802 1956 1254 2005 sempermanentem‚
1267 1956 1313 1989 et
1331 1961 1387 1990 ex

78 2008 203 2048 nullo
227 2007 527 2047 deficientem.
576 2006 667 2048 Sed
684 2007 801 2046 sicut
820 2008 1000 2047 evenire
1019 2007 1211 2056 adsolet,
1231 2012 1280 2046 ut
1296 2018 1385 2044 ma-

77 2063 399 2103 lummedieum
414 2067 624 2115 expertus
645 2063 781 2102 etiam
801 2063 921 2103 bono
941 2064 1099 2103 timeat
1116 2074 1163 2102 se
1184 2062 1386 2101 commit-

78 2125 191 2168 tere,
211 2120 274 2159 ita
292 2123 389 2158 erat
406 2119 617 2159 valetudo
635 2119 810 2158 animae
829 2131 971 2169 meae,
992 2131 1105 2172 quae
1123 2118 1280 2171 utique
1299 2117 1384 2156 nisi

81 2175 308 2215 credendo
344 2175 495 2214 sanari
528 2187 619 2215 non
646 2179 847 2226 poterat3
882 2180 927 2214 et
949 2187 1003 2214 ne
1022 2174 1140 2213 falsa
1164 2173 1385 2221 crederet,

79 2232 227 2272 mirari
244 2230 484 2272 recusabat
501 2231 720 2271 resistens
738 2231 942 2271 manibus
962 2231 1073 2280 tuis,
1102 2231 1177 2283 qui
1191 2228 1384 2270 medica-
