1473 2443
72 123 119 152 ‘VI

71 193 161 243 Sic
189 190 322 241 hanc
352 205 540 240 novam
572 186 979 239 Confessionum
1011 187 1293 237 editionem
1322 188 1378 236 in

68 259 336 328 publicum
357 259 608 307 mittimus
632 255 787 307 bonis
813 272 927 307 cum
949 258 1117 320 votis,
1141 266 1196 305 ut
1217 254 1378 305 lecto-

70 329 217 380 ribus
238 344 418 379 veram
438 325 717 375 utilitatem
740 326 940 375 afferat.
1010 324 1090 374 Ac
1115 326 1212 374 vix
1236 324 1378 373 vide-

73 409 155 448 tur
179 414 311 464 opus
336 412 472 457 esse,
488 404 544 444 ut
566 391 720 457 liber,
741 410 893 461 quem
908 394 988 442 vir
1011 410 1210 442 summe
1224 409 1380 441 vene-

73 465 273 529 rabilis,
288 466 425 531 Aug.
438 462 698 525 Neander,
723 480 848 513 vere
869 478 1083 512 aureum
1106 471 1382 527 nuncupat,

77 537 308 587 omnium
344 533 531 583 studiis
581 531 982 581 commendetur.
1064 529 1124 580 In
1168 529 1385 579 Confes-

77 603 318 655 sionibus
346 603 482 652 enim
503 600 826 667 Augustinus
859 617 916 649 se
940 600 1111 666 ipsum
1132 597 1286 649 nobis
1310 598 1385 646 di-

75 673 301 741 ligenter
351 670 594 737 depinxit
653 668 991 736 ordinemque
1047 666 1236 718 salutis
1292 684 1386 715 suo

79 739 329 807 exemplo
362 739 752 789 demonstravit.
828 736 887 787 In
921 738 989 786 iis
1021 746 1073 786 et
1113 736 1276 786 animi
1308 736 1390 784 sui

76 812 352 878 pietatem,
401 818 450 858 et
489 807 752 856 doctrinae
788 805 995 872 copiam
1033 805 1390 871 acuminisque

78 880 346 947 ingenium
368 915 383 940 ‚
446 877 503 926 in
554 876 623 924 iis
679 892 786 925 non
842 874 996 924 modo
1059 882 1393 941 peccatorum

82 949 311 1000 omnium
355 946 612 1012 originem
654 959 988 1010 errorumque
1030 943 1253 1004 fontem,
1299 941 1392 991 sed

82 1018 239 1067 etiam
270 1016 553 1077 rationem,
597 1030 697 1079 qua
731 1010 850 1062 Deo
890 1011 1169 1061 adiuvante
1211 1012 1281 1060 iis
1324 1011 1393 1059 sit

83 1083 295 1136 obviam
330 1084 574 1144 eundum,
608 1079 898 1132 luculenter
937 1081 1160 1146 aperuit.
1230 1077 1291 1128 In
1325 1079 1393 1127 iis

84 1155 193 1204 dux
224 1163 304 1203 est
337 1154 454 1202 viae
498 1150 564 1200 ad
599 1151 874 1201 veritatem
903 1148 1133 1198 divinam
1166 1157 1216 1198 et
1254 1145 1392 1197 salu-

82 1234 186 1273 tem
243 1232 506 1271 aeternam
558 1219 802 1281 ferentis,
868 1216 1209 1284 omnibusque
1266 1214 1398 1264 illud

84 1292 298 1358 egregie
321 1290 538 1339 dictum:
569 1291 724 1350 γνῶθι
747 1284 948 1338 σεαυτόν
971 1303 1066 1335 sua
1090 1286 1397 1335 auctoritate

86 1359 427 1410 commendat.
489 1356 548 1407 In
576 1358 643 1406 iis
669 1356 891 1423 denique
925 1355 981 1404 id
1002 1355 1057 1404 in
1078 1355 1264 1420 primis
1288 1363 1396 1402 stu-

86 1428 198 1491 det,
234 1435 296 1478 ut
325 1428 389 1478 de
418 1428 569 1477 malis
599 1433 650 1476 et
681 1425 823 1477 bonis
854 1422 1005 1474 Deus
1045 1425 1291 1474 laudetur
1321 1428 1397 1471 iet-

85 1506 198 1548 stus
221 1506 275 1548 et
298 1495 472 1558 bonus,
494 1504 547 1546 et
569 1499 625 1545 in
641 1512 750 1545 eum
765 1497 1036 1543 excitetur
1053 1491 1299 1542 humanus
1317 1495 1398 1539 in-

85 1567 329 1617 tellectus
365 1573 422 1614 et
454 1565 700 1627 affectus.
763 1561 881 1611 Hoc
911 1561 1055 1627 pium
1085 1577 1207 1609 vero
1230 1560 1398 1624 ipsius

88 1634 317 1683 auctoris
371 1630 649 1681 consilium
696 1640 751 1679 ut
803 1631 859 1679 in
904 1629 1014 1677 dies
1065 1628 1234 1694 magis
1281 1643 1399 1676 eve-

88 1703 223 1764 niat,
254 1701 394 1751 faxit
424 1698 570 1749 Deus
607 1697 671 1749 O.
696 1697 775 1748 Μ.
841 1696 1040 1763 Scripsi
1061 1695 1275 1762 Lip51ae
1300 1693 1400 1745 Ca-

88 1769 225 1820 lend.
253 1766 470 1819 Octobr.
496 1786 543 1816 a.
566 1766 633 1817 D.
659 1762 1182 1816 MDCCCXXXVI.
