1473 2443
122 92 200 132 174
441 92 713 134 AURELII
739 93 1101 136 AUGUSTINI

119 176 336 232 quidquid
353 174 513 217 horum
531 177 648 227 scio,
667 177 733 218 sic
751 182 821 218 est
837 180 883 219 in
900 182 1120 221 memoria
1135 193 1254 231 mea,
1272 188 1323 222 ut
1339 194 1428 222 non

116 238 296 273 retenta
333 233 529 286 imagine
552 245 648 272 rem
670 232 785 274 foris
810 235 1092 288 reliquerim,
1126 242 1203 276 aut
1225 238 1431 278 sonuerit

118 294 163 329 et
194 289 504 342 praeterierit,
542 289 661 329 sicut
680 301 770 330 vox
792 291 1014 343 impressa
1034 304 1116 345 per
1140 305 1272 333 aures
1295 295 1430 334 vesti-

117 347 215 399 gio,
241 357 328 398 quo
347 344 632 384 recoleretur
649 347 779 398 quasi
796 351 1001 396 sonaret,
1028 361 1128 388 cum
1143 349 1233 389 iam
1249 361 1339 389 non
1358 361 1429 389 so-

115 405 263 450 naret3
296 404 373 440 aut
405 402 523 440 sicut
558 400 693 450 odor,
727 401 831 441 dum
861 405 1027 443 transit
1059 408 1104 443 et
1137 405 1367 445 evanescit
1383 405 1431 444 in

114 460 296 505 ventos,
323 454 541 495 olfactum
564 456 740 505 adficit,
766 457 884 497 unde
906 458 1078 498 traiicit
1098 461 1144 499 in
1166 461 1432 501 memoriam

113 512 359 565 imaginem
370 513 455 561 sui,
468 524 600 565 quam
615 513 947 553 reminiscendo
963 519 1235 567 repetamus3
1257 521 1332 555 aut
1345 517 1429 556 sic-

113 573 162 608 ut
181 568 323 617 cibus,
360 568 435 620 qui
455 573 577 607 certe
594 569 640 608 in
657 573 814 608 ventre
836 570 926 609 iam
943 582 1033 609 non
1051 572 1183 622 sapit,
1218 576 1264 610 et
1279 576 1429 612 tamen

112 626 158 664 in
176 623 396 663 memoria
422 623 551 677 quasi
570 624 709 677 sapit;
741 630 818 664 aut
836 626 953 664 sicut
972 626 1166 679 aliquid,
1192 627 1312 680 quod
1331 639 1427 667 cor·

112 691 224 732 pore
248 679 479 732 tangendo
502 679 716 728 sentitur,
742 679 863 733 quod
882 681 1016 720 etiam
1035 689 1290 734 separatum
1308 695 1333 721 a
1349 695 1427 722 no-

111 735 181 775 bis
199 735 474 788 imaginatur
490 736 723 775 memoria.
767 735 887 775 Istae
907 737 1071 789 quippe
1090 749 1162 777 res
1180 751 1270 777 non
1287 738 1425 777 intro-

111 793 352 832 mittuntur
390 790 447 830 ad
472 803 592 841 eam,
626 790 708 831 sed
732 803 886 830 earum
907 792 1033 832 solae
1070 794 1293 846 imagines
1316 795 1429 836 mira

114 846 349 887 celeritate
385 847 641 899 capiuntur,
678 851 723 886 et
743 847 869 886 miris
893 852 1121 901 tamquam
1145 849 1273 889 cellis
1297 861 1428 902 repo-

112 908 292 949 nuntur,
315 907 360 941 et
379 902 649 942 mirabiliter
665 903 949 943 recordando
970 902 1276 956 proferuntur.

197 958 244 998 C.
270 957 325 998 X.
384 958 440 998 At
462 970 570 997 vero
597 971 696 997 cum
720 959 854 998 audio
881 959 971 999 tria
988 972 1159 1013 genera
1176 972 1277 1000 esse
1296 972 1411 1014 quae

113 1014 331 1054 stionum:
351 1025 407 1053 an
425 1015 498 1062 sit,
518 1013 626 1066 quid
644 1015 716 1062 sit,
736 1014 868 1066 quale
887 1015 962 1064 sit,
998 1028 1213 1055 sonorum
1232 1017 1428 1070 quidem,

112 1068 274 1123 quibus
294 1067 408 1108 haec
424 1069 564 1108 verba
582 1068 794 1108 confecta
811 1075 915 1109 sunt
927 1100 937 1119 ,
963 1071 1186 1124 imagines
1203 1076 1338 1111 teneo
1352 1102 1364 1122 ,
1385 1077 1431 1111 et

111 1137 191 1165 eos
206 1136 288 1177 per
306 1136 437 1164 auras
458 1137 557 1164 cum
575 1125 768 1178 strepitu
784 1126 1021 1166 transiisse
1042 1139 1094 1166 ac
1109 1127 1199 1166 iam
1216 1139 1305 1167 non
1325 1139 1426 1167 esse

110 1181 228 1228 sci03
256 1192 331 1220 res
365 1192 474 1220 vero
507 1181 652 1233 ipsaS,
687 1192 803 1234 quae
828 1181 920 1221 illis
948 1182 1262 1235 significantur
1285 1184 1427 1233 sonis,

111 1248 256 1289 neque
288 1235 382 1275 ullo
416 1247 553 1275 sensu
586 1238 790 1289 corporis
824 1236 987 1290 adfigi,
1022 1249 1105 1277 nec
1135 1239 1311 1290 uspiam
1334 1239 1428 1279 vidi

109 1297 292 1345 praeter
309 1293 506 1331 animum
521 1304 690 1342 meum3
719 1296 764 1332 et
781 1293 829 1332 in
844 1293 1064 1332 memoria
1080 1294 1319 1334 recondidi
1338 1306 1427 1334 non

110 1348 331 1402 imagines
353 1360 522 1398 earum,
539 1347 620 1387 sed
638 1348 781 1400 ipsas:
802 1360 916 1401 quae
935 1348 1052 1388 unde
1073 1349 1129 1389 ad
1146 1361 1216 1389 me
1234 1350 1428 1390 intrave-

109 1405 212 1453 rint,
234 1405 400 1453 dicant,
421 1404 460 1443 si
477 1410 681 1456 possunt.
728 1403 841 1444 Nam
858 1416 1074 1457 percurro
1094 1406 1253 1445 ianuas
1274 1417 1428 1445 omnes

111 1461 259 1500 carnis
283 1471 434 1509 meae,
459 1472 543 1499 nec
560 1460 764 1509 invenio,
790 1473 878 1512 qua
896 1472 1051 1500 earum
1068 1461 1303 1514 ingressae
1323 1461 1426 1501 sint.

112 1516 287 1569 Quippe
313 1516 435 1555 oculi
455 1515 627 1556 dicunt:
660 1517 700 1555 si
718 1517 951 1555 coloratae
971 1522 1094 1565 sunt,
1121 1529 1203 1556 nos
1225 1529 1300 1556 eas
1318 1530 1426 1556 nun-

108 1572 333 1612 tiavimus.
393 1572 536 1610 Aures
563 1571 735 1611 dicunt:
767 1573 805 1611 si
824 1577 1094 1621 sonuerunt,
1121 1584 1147 1611 a
1164 1573 1294 1612 nobis
1312 1572 1426 1612 indi-

109 1632 235 1666 catae
255 1631 371 1667 sunt.
419 1626 562 1666 Nares
583 1627 756 1667 dicunt:
783 1628 822 1666 si
841 1627 1065 1674 oluerunt,
1084 1639 1165 1679 per
1180 1639 1263 1666 nos
1281 1631 1425 1667 trans-

106 1685 268 1723 ierunt.
328 1681 453 1722 Dicit
497 1683 633 1722 etiam
671 1695 830 1722 sensus
854 1682 1084 1735 gustandi:
1116 1682 1154 1721 si
1177 1694 1312 1735 sapor
1334 1694 1423 1723 non

108 1743 196 1787 est,
222 1737 337 1779 nihil
362 1751 432 1777 me
451 1740 724 1791 interroges.
785 1739 953 1777 Tactus
973 1737 1100 1777 dicit:
1132 1737 1169 1777 si
1189 1737 1423 1790 corpulen-

108 1800 201 1833 tum
232 1806 323 1833 non
356 1799 445 1842 est,
479 1806 570 1833 non
604 1794 902 1843 contrectavi;
933 1794 972 1832 si
1005 1806 1094 1833 non
1125 1795 1422 1843 contrectavi,

110 1861 197 1888 non
219 1849 432 1889 indicavi.
488 1848 617 1888 Unde
644 1854 689 1887 et
716 1861 803 1901 qua
827 1846 939 1887 haec
961 1849 1243 1888 intraverunt
1264 1849 1310 1888 in
1332 1861 1421 1888 me-

108 1906 297 1944 moriam
317 1903 486 1944 meam‘.e
516 1903 683 1944 Nescio
710 1903 958 1956 quomod03
991 1916 1091 1944 nam
1116 1917 1216 1944 cum
1237 1916 1292 1944 ea
1309 1903 1422 1943 didi-

108 1960 168 2009 ci,
194 1972 285 1999 non
308 1959 482 1999 credidi
505 1959 655 1998 alieno
684 1959 831 2008 cordi,
856 1959 937 1998 sed
960 1960 1006 1998 in
1029 1972 1130 2000 meo
1155 1960 1419 2012 recognovi,

107 2021 151 2055 ct
173 2028 281 2055 vera
299 2027 399 2055 esse
420 2014 689 2067 adprobavi,
716 2019 760 2053 et
778 2015 1089 2055 commendavi
1108 2015 1170 2064 ei,
1193 2019 1421 2067 tamquam

107 2083 350 2124 reponens,
384 2070 503 2110 unde
535 2069 809 2123 proferrem,
845 2083 944 2110 cum
977 2071 1153 2110 vellem.
1211 2069 1279 2109 lbi
1307 2082 1416 2123 ergo

106 2132 233 2166 erant
266 2131 310 2166 et
328 2131 432 2166 ante
454 2138 584 2177 quam
606 2137 660 2165 ea
693 2125 976 2176 didicissem,
1012 2126 1093 2166 sed
1125 2125 1171 2166 in
1197 2126 1418 2165 memoria

109 2195 196 2222 non
231 2187 373 2223 erant.
432 2182 520 2222 Ubi
560 2180 697 2235 ergo‘.t
725 2182 811 2222 Aut
845 2194 982 2235 quare
1021 2195 1120 2222 cum
1159 2180 1419 2223 dicerentur
