1473 2443
112 140 190 180 142
422 140 701 182 AURELII
729 141 1111 184 AUGUSTINI

111 236 219 264 sem.
282 223 493 276 Ostendi3
527 229 572 265 et
603 226 808 266 adtendit
841 227 976 267 etiam
1008 228 1144 277 ultra,
1179 240 1309 281 quam
1334 241 1420 282 ego

108 280 331 333 legeram,
357 285 401 320 et
417 280 705 334 ignorabam,
725 283 832 336 quid
853 289 1133 336 sequeretur.
1195 283 1420 338 Sequeba-

111 348 182 375 tur
198 347 326 375 vero:
346 334 576 390 Infirmam
593 344 737 378 autem
753 338 899 392 infide
917 338 1109 391 recipite.
1127 339 1274 388 (Rom.
1288 341 1420 390 14,l.)

112 391 245 440 Quod
281 391 358 431 ille
387 392 443 432 ad
469 405 518 433 se
542 394 718 444 retulit,
752 393 950 447 mihique
977 396 1169 447 aperuit.
1231 395 1320 436 Sed
1342 397 1423 436 tali

111 447 421 488 admonitione
457 449 658 489 firmatus
692 455 780 500 est3
813 451 1073 504 placitoque
1106 464 1157 490 ac
1183 452 1422 504 proposito

109 503 253 553 bono,
280 507 325 543 et
343 506 752 557 congruentissimo
773 507 866 546 suis
883 507 1110 556 moribus,
1131 507 1293 560 quibus
1312 520 1338 547 a
1353 520 1424 547 me

108 560 157 599 in
173 559 334 599 melius
352 559 442 599 iam
463 560 571 600 olim
589 561 718 602 valde
739 562 966 615 longeque
985 563 1198 612 distabat,
1218 563 1315 603 sine
1332 563 1428 602 ulla

107 615 370 655 turbulenta
394 617 682 658 cunctatione
703 618 969 658 coniunctus
990 623 1073 659 est.
1132 618 1240 658 Inde
1261 619 1317 659 ad
1334 631 1425 658 ma-

108 676 225 711 trem
261 671 554 725 ingredimur.
614 672 888 713 Indicamus:
921 674 1103 727 gaudet.
1163 671 1426 723 Narramus,

111 727 487 781 quemadmodum
506 734 683 782 gestum
701 730 782 769 sit:
816 730 1015 771 exsultat
1032 734 1077 770 et
1092 729 1360 783 triumphat3
1381 736 1427 769 et

107 782 410 823 benedicebat
434 784 538 835 tibi,
574 785 649 839 qui
674 791 836 838 potens
863 797 912 825 es
935 785 1054 825 ultra
1077 798 1208 839 quam
1233 786 1425 840 petimus

110 844 188 879 aut
209 839 508 893 intelligimus
533 839 707 891 facere,
735 842 841 895 quia
863 846 988 881 tanto
1015 842 1206 894 amplius
1232 842 1320 882 sibi
1337 854 1363 881 a
1380 846 1425 880 te

112 906 379 935 concessum
406 896 460 936 de
475 909 544 937 me
560 897 758 947 videbat,
778 910 909 950 quam
927 902 1082 951 petere
1100 897 1279 937 solebat
1292 898 1425 937 mise-

109 950 329 991 rabilibus
355 950 673 1006 flebilibusque
693 953 949 1006 gemitibus.
1011 953 1289 993 Convertisti
1307 953 1426 992 enim

108 1018 180 1046 me
212 1007 268 1046 ad
300 1011 368 1057 te,
400 1012 451 1047 ut
471 1020 555 1048 nec
580 1021 770 1049 uxorem
794 1021 1082 1062 quaererem,
1118 1021 1201 1049 nec
1227 1009 1425 1061 aliquam

107 1074 233 1115 spem
248 1063 418 1103 saeculi
434 1062 580 1114 huius,
596 1070 720 1105 stans
735 1065 780 1104 in
800 1077 854 1105 ea
870 1066 1031 1117 regula
1049 1064 1170 1114 fidei,
1184 1065 1232 1104 in
1250 1077 1337 1118 qua
1353 1076 1423 1104 me

108 1122 212 1158 ante
235 1122 305 1158 tot
326 1131 467 1159 annos
493 1120 535 1159 ei
552 1121 856 1160 revelaveras.
878 1119 968 1173 [Cf.
988 1120 1026 1169 3,
1049 1119 1136 1172 11.]
1164 1120 1222 1160 Et
1239 1132 1423 1160 conver-

107 1174 206 1215 tisti
229 1173 399 1214 luctum
425 1175 521 1215 eius
539 1176 585 1216 in
604 1176 817 1230 gaudium
832 1176 975 1216 multo
995 1176 1179 1216 uberius
1199 1188 1330 1229 quam
1347 1188 1424 1215 vo-

107 1230 270 1279 luerat,
287 1236 333 1271 et
346 1231 486 1271 multo
505 1232 652 1272 carius
670 1237 804 1286 atque
823 1233 1006 1282 castius,
1023 1244 1155 1284 quam
1176 1232 1230 1272 de
1250 1232 1424 1285 nepoti-

108 1286 192 1327 bus
212 1287 359 1327 carnis
378 1298 505 1328 meae
525 1288 799 1341 requirebat.

501 1498 862 1558 LIBER
923 1499 1043 1558 IX.

193 1626 240 1666 C.
268 1626 300 1666 Ι.
364 1625 403 1667 O
425 1624 632 1675 Domine,
653 1639 733 1679 ego
751 1639 896 1666 servus
915 1633 1026 1675 tems,
1047 1639 1126 1680 ego
1146 1637 1290 1664 servus
1309 1631 1420 1673 tuus,

109 1681 276 1735 etfilizts
296 1681 478 1722 ancillae
497 1689 623 1730 mae,-
642 1681 865 1734 disrupisti
881 1681 1049 1721 vincula
1067 1694 1174 1728 mea,
1191 1679 1272 1719 tibi
1288 1679 1421 1719 sacri-

96 1735 248 1790 ficabo
266 1736 531 1792 sacrificium
551 1737 703 1777 laudis.
728 1737 821 1786 (Ps.
844 1737 936 1786 115,
955 1737 1065 1786 7.8.)
1100 1735 1274 1776 Laudet
1287 1742 1327 1775 te
1347 1749 1423 1775 cor

108 1805 260 1841 meam,
277 1799 320 1833 et
335 1792 488 1846 lingua
505 1805 613 1841 mea,
634 1799 677 1832 et
693 1791 837 1832 omnia
856 1805 951 1832 ossa
969 1805 1062 1832 mea
1081 1790 1250 1831 dicant.-
1269 1789 1423 1831 Domi-

107 1861 180 1897 ne,
206 1848 298 1901 qais
322 1847 470 1887 similis
493 1848 599 1888 tibi?
628 1846 814 1896 Dicant,
843 1855 883 1888 et
906 1847 1112 1900 responde
1130 1846 1267 1895 mihi;
1298 1853 1338 1886 et
1356 1846 1424 1886 dic

108 1903 278 1943 animae
295 1916 436 1943 meae:
468 1903 593 1943 Salus
611 1909 687 1942 tua
706 1916 786 1956 ego
805 1916 909 1943 sum.
935 1903 1029 1952 (Ps.
1049 1902 1116 1952 35,
1135 1903 1173 1943 3.
1195 1904 1279 1953 10.)
1310 1901 1422 1949 Quis

108 1972 194 2013 ego
213 1964 258 1999 et
273 1959 417 2012 qualis
438 1959 552 2012 egoss
572 1958 691 2007 Quid
708 1971 797 1998 non
811 1959 919 1999 mali
936 1963 1013 1998 aut
1028 1957 1151 1998 facta
1163 1969 1276 2007 mea,
1292 1962 1369 1996 aut
1383 1957 1423 1996 si

109 2027 199 2055 non
223 2013 364 2063 facta,
392 2015 513 2055 dicta
530 2027 649 2063 mea,
674 2018 750 2054 aut
769 2017 914 2054 sinon
932 2015 1073 2063 dicta,
1095 2015 1305 2054 voluntas
1323 2024 1424 2052 mea

108 2070 223 2111 fuit‘}
248 2071 318 2110 Tu
336 2074 499 2119 autem,
518 2068 727 2118 Domine,
746 2071 891 2110 bonus
911 2075 956 2110 et
972 2071 1300 2117 misericors,et
1318 2068 1421 2108 dex-

108 2132 210 2166 tera
232 2131 310 2166 tua
335 2125 586 2179 respiciens
605 2124 961 2178 profunditatem
982 2126 1141 2165 mortis
1159 2135 1309 2172 meae,
1336 2128 1381 2162 et
1398 2135 1424 2162 a

109 2181 250 2229 fundo
275 2181 426 2223 cordis
450 2182 539 2221 mei
566 2180 837 2222 exhauriens
863 2183 1077 2234 abyssum
1100 2180 1420 2231 corruptioniS.

108 2237 165 2277 Et
183 2236 268 2279 hoc
288 2242 385 2279 erat
404 2242 567 2278 totum:
588 2237 708 2278 nolle
728 2237 848 2292 quod
867 2237 1088 2286 volebam,
1105 2240 1149 2276 et
1170 2235 1283 2275 velle
1303 2234 1422 2288 quod
