1473 2443
72 106 128 147 74
393 106 669 148 AURELII
696 107 1073 151 AUGUSTINI

75 190 159 231 bus
180 202 359 240 eorum,
386 203 576 244 quorum
596 203 619 231 e
638 205 825 233 numero
847 198 946 234 erat
963 194 1098 234 etiam
1114 192 1175 243 is,
1199 192 1245 231 in
1264 191 1390 232 cuins

73 246 209 286 domo
237 251 586 300 aegrotaveram
612 251 657 287 et
684 248 1026 300 convalueram,
1054 249 1135 289 sed
1154 248 1219 288 eis
1240 248 1389 295 etiam,

73 314 187 354 quos
213 301 389 342 electos
407 307 587 343 vocant.
644 302 829 344 Adhuc
854 305 992 345 enim
1015 304 1147 346 mihi
1170 303 1333 345 videb
1348 316 1389 342 a-

72 362 181 406 tur,
207 369 315 397 non
340 369 461 397 esse
487 370 586 398 nos
614 360 708 411 qui
731 369 1040 412 peccamus,
1074 360 1171 401 sed
1199 360 1386 400 nescio

73 425 225 465 quam
259 412 425 453 aliam
457 414 510 453 in
545 413 710 455 nobis
737 427 972 468 peccare
1007 422 1271 457 naturam.
1332 415 1390 455 Et

71 468 332 510 delectabat
363 469 621 522 superbiam
652 482 800 512 meam
833 477 963 512 extra
983 473 1162 526 culpam
1188 483 1312 522 esse3
1347 477 1390 510 et

70 537 171 563 cum
190 524 364 578 aliquid
380 525 488 565 mali
509 523 747 577 fecissem,
776 539 867 567 non
886 528 1095 568 confiteri
1113 538 1184 568 me
1202 526 1387 573 fecisse,

65 584 116 618 ut
126 592 313 620 sanares
334 581 528 621 animam
545 593 706 632 meam,
724 583 937 636 quoniam
953 583 1175 636 peccabat
1194 583 1288 632 tibi,
1309 583 1388 622 sed

67 647 289 675 excusare
303 648 401 675 eam
420 636 640 687 amabam,
653 642 699 677 et
710 639 930 678 adcusare
948 640 1106 679 nescio
1125 638 1232 692 quid
1251 638 1388 684 aliud,

65 691 189 743 quod
212 703 388 732 meeum
410 698 555 743 esset,
582 698 628 732 et
645 705 732 748 ego
751 707 839 733 non
862 706 1023 734 essem.
1084 695 1280 735 Verum
1309 707 1388 733 au,-

63 753 172 785 tem
193 752 365 787 totum
393 760 494 801 ego
523 761 682 799 eram,
704 754 758 789 et
782 749 1076 790 adversum
1102 763 1180 790 me
1205 751 1386 804 impie-

64 807 150 842 tas
182 815 300 842 mea
321 816 399 843 me
427 804 727 844 diviserat:
762 811 817 845 et
848 805 903 844 id
937 810 1056 845 erat
1097 812 1385 859 peccatum

61 858 474 909 insanabilius,
510 872 612 913 quo
641 873 720 900 me
746 873 914 913 pecca
930 866 1103 901 torem
1135 876 1159 901 n
1175 873 1237 901 on
1263 874 1384 902 esse

63 913 403 965 arbitrabar3
460 921 511 955 et
560 917 930 957 exsecrabilis
969 918 1268 971 iniquitas,
1317 924 1383 965 te,

61 967 214 1008 Deus
259 971 643 1022 omnipotens,
692 978 746 1012 te
787 973 839 1011 in
863 985 940 1012 me
982 973 1047 1013 ad
1089 974 1384 1027 perniciem

63 1036 244 1074 meam,
277 1038 431 1078 quam
458 1038 535 1066 me.
562 1039 588 1066 a
611 1031 665 1067 te
691 1028 756 1067 ad
783 1027 1014 1068 salutem
1041 1029 1203 1069 malle
1229 1041 1384 1081 supe-

59 1081 185 1120 rari.
246 1081 458 1122 Nondum
492 1094 603 1135 ergo
628 1094 852 1135 posueras
882 1084 1137 1124 custodiam
1165 1085 1235 1123 ori
1264 1097 1382 1132 meo,

61 1141 106 1175 et
136 1136 303 1177 ostium
333 1139 645 1178 continentiae
671 1138 841 1178 circum
860 1138 983 1179 labia
998 1152 1122 1189 mea,
1146 1145 1196 1179 ut
1214 1153 1298 1179 ηοη
1316 1140 1383 1178 de-

60 1190 247 1231 clinaret
281 1206 357 1233 cor
389 1207 530 1234 meum
565 1194 610 1233 in
634 1194 766 1233 verba
789 1193 1004 1248 maligna,
1042 1196 1101 1235 ad
1116 1196 1383 1235 excusandas

60 1248 360 1288 excusationes
396 1248 442 1289 in
467 1249 665 1302 peccatis
704 1262 799 1289 cum
831 1250 1078 1291 bominibus
1104 1250 1383 1304 operantibus

57 1302 355 1355 iniquitatem,
376 1312 419 1344 et
434 1304 529 1345 ideo
549 1305 693 1345 adhuc
711 1305 1014 1346 combinabam
1034 1319 1130 1346 cnm
1149 1306 1291 1346 electis
1313 1320 1381 1346 eo-

56 1371 167 1397 rum.
202 1359 297 1407 (Ps.
320 1360 412 1409 141,
431 1361 472 1401 4.
507 1373 600 1401 see.
620 1360 784 1412 LXX.)
845 1361 934 1402 Sed
951 1368 1102 1401 tamen
1119 1363 1208 1402 iam
1227 1361 1384 1414 despe-

54 1426 176 1464 rans,
197 1415 243 1454 in
269 1427 323 1455 ea
342 1414 461 1456 falsa
480 1416 691 1456 doctrina
712 1429 784 1457 me
803 1430 939 1470 posse
958 1419 1204 1470 proficere3
1238 1429 1380 1470 eaque

53 1471 168 1522 ipsa,
193 1471 355 1523 quibus
369 1472 406 1511 si
427 1471 538 1511 nihil
559 1473 721 1513 melius
740 1474 1004 1526 reperirem,
1020 1478 1258 1513 contentus
1279 1485 1378 1513 esse.

56 1527 371 1577 decreveram,
401 1528 493 1567 iam
522 1529 760 1568 remissius
787 1529 1188 1582 negligentiusque
1212 1530 1377 1568 retine·

53 1581 170 1621 bam.
202 1582 1378 1638 Etenimsubortaestetiammihicogitatio,pruden-

52 1637 197 1677 tiores
212 1639 406 1678 caeteris
416 1637 559 1679 fuisse
571 1640 678 1679 illos
689 1639 1005 1692 philosophos,
1020 1652 1132 1692 quos
1143 1639 1375 1679 Academi-

55 1704 133 1732 cos
148 1693 394 1746 adpellant,
415 1695 536 1746 quod
549 1695 603 1734 de
624 1696 831 1735 omnibus
851 1695 1145 1734 dubitandum
1160 1707 1261 1735 esse
1276 1708 1375 1734 cen-

53 1754 253 1799 suerant,
264 1762 348 1789 nec
360 1750 533 1802 aliquid
545 1751 640 1789 veri
659 1750 713 1789 ab
731 1749 912 1790 homine
933 1749 1256 1803 comprehendi
1272 1763 1375 1804 pos-

53 1815 101 1842 se
122 1803 433 1845 decreverant.
484 1806 553 1845 Ita
572 1806 689 1845 enim
710 1811 756 1846 et
770 1805 880 1846 mihi
900 1806 1074 1859 liquido
1093 1807 1294 1847 sensisse
1312 1807 1374 1845 vi-

54 1858 296 1910 debantur,
315 1866 365 1900 ut
382 1861 518 1914 vulgo
539 1860 781 1911 habentur,
802 1862 938 1901 etiam
957 1862 1141 1901 illorum
1158 1862 1373 1902 intentio-

51 1927 153 1953 nem
175 1916 375 1956 nondum
394 1917 686 1970 intelligenti.
738 1916 834 1958 Nec
859 1917 1141 1957 dissimulavi
1167 1918 1370 1958 eumdem

51 1968 278 2024 hospitem
296 1984 444 2012 meum
461 1973 708 2025 reprimere
729 1985 755 2012 a
771 1973 911 2013 nimia
927 1973 1107 2023 fiducia,
1122 1986 1253 2026 quam
1273 1985 1370 2012 sen-

51 2026 90 2065 si
116 2039 216 2066 eum
241 2025 409 2067 habere
435 2028 489 2067 de
513 2028 648 2068 rebus
667 2027 910 2080 fabulosis,
938 2029 1098 2082 quibus
1112 2027 1368 2069 Manichaei

47 2081 155 2124 libri
174 2083 298 2136 pleni
331 2090 447 2124 sunt.
507 2084 716 2124 Amicitia
741 2089 890 2124 tamen
917 2096 1074 2124 eorum
1098 2084 1368 2125 familiarius

50 2139 231 2190 utebar,
258 2152 391 2192 quam
418 2145 703 2180 caeterorum
726 2138 971 2190 hominum,
1000 2140 1075 2193 qui
1097 2141 1143 2179 in
1167 2141 1248 2180 illa
1266 2139 1367 2180 hae-

48 2196 143 2235 resi
161 2208 250 2235 non
267 2195 477 2237 fuissent.
515 2195 610 2236 Nec
630 2208 727 2235 eam
746 2195 1046 2237 defendebam
1065 2197 1258 2248 pristina
1276 2196 1346 2235 ani
