1514 2438
275 105 797 150 CONFESSIONUM
825 106 1029 149 LIBER
1057 107 1122 152 Χ.
1279 107 1356 147 171

35 195 230 236 animam
259 206 406 235 meam
438 191 713 233 adscendam
737 191 794 233 ad
815 192 957 233 illum.
1017 191 1244 233 Transibo
1270 192 1358 232 vim

32 264 198 301 meam,
232 263 321 304 qua
351 248 520 289 haereo
550 248 755 301 corpori,
790 254 835 288 et
862 249 1065 289 vitaliter
1092 260 1357 302 compagem

37 308 134 347 cius
167 307 340 360 repleo.
398 304 503 345 Non
537 317 592 345 ea
614 306 658 345 vi
679 305 860 357 reperio
885 304 1034 345 Deum
1056 317 1222 355 meum3
1255 317 1358 344 nam

33 364 261 416 reperiret
282 367 328 403 et
350 373 491 415 equus
516 366 562 401 et
585 361 752 410 muluS,
785 361 948 414 quibus
973 374 1063 401 non
1094 366 1164 401 est
1180 360 1358 401 intelle-

38 426 152 469 ctus,
187 418 292 473 quia
323 424 393 458 est
426 417 584 457 eadem
616 418 705 466 vis,
741 429 828 470 qua
858 418 1015 457 vivunt
1040 418 1178 457 etiam
1203 428 1361 456 eorum

38 487 243 529 corpora.
301 474 385 513 Est
416 473 509 513 alia
544 473 607 513 vis
642 485 732 512 non
756 473 904 513 solum
929 486 1016 527 qua
1037 473 1243 522 vivifico,
1279 472 1361 512 sed

38 532 176 571 etiam
198 542 285 584 qua
307 529 521 570 sensifico
547 541 729 570 carnem
751 540 917 579 meam,
944 542 1076 582 quam
1095 527 1206 569 mihi
1222 528 1360 569 fabri-

38 589 157 627 cavit
171 586 414 636 Dominus,
438 585 600 625 iubens
621 585 777 634 oculo,
802 590 958 624 utnon
978 585 1153 634 audiat,
1181 589 1227 625 et
1245 584 1358 633 auri,

36 648 86 683 ut
108 654 198 682 non
221 641 393 693 videat;
426 641 509 681 sed
530 642 621 691 illi,
646 653 728 693 per
751 653 883 694 quem
906 641 1105 690 videam,
1130 639 1250 690 huic,
1280 652 1360 693 per

37 710 170 752 quam
199 698 396 748 audiam;
430 703 476 737 et
498 698 684 750 propria
706 697 974 750 singillatim
997 698 1192 737 caeteris
1217 696 1358 736 sensi-

33 754 118 794 bus
138 754 324 794 sedibus
344 754 438 794 suis
458 758 504 793 et
521 753 684 793 officiis
704 752 820 801 suis,
847 764 961 806 quae
982 752 1162 792 diversa
1178 764 1261 804 per
1278 763 1359 791 eos

35 822 138 863 ago,
158 823 272 850 unus
292 822 379 863 ego
399 810 589 850 animus.
628 808 854 849 Transibo
875 814 922 848 et
936 809 1071 848 istam
1087 809 1177 848 vim
1194 820 1358 857 meam3

34 878 138 905 nam
170 871 216 905 et
247 864 361 906 hanc
395 864 531 905 habet
565 877 706 919 equus
740 869 787 905 et
814 865 982 916 mulus;
1014 865 1218 905 sentiunt
1241 864 1360 904 enim

37 921 174 960 etiam
189 922 276 974 ipsi
295 934 375 975 per
393 933 572 974 corpus,

122 977 169 1017 C.
194 976 311 1017 Vlll.
373 977 598 1018 Transibo
637 988 749 1031 ergo
792 982 838 1018 et
873 977 1009 1018 istam
1040 976 1138 1017 'vim
1169 981 1358 1016 naturae

37 1044 184 1083 meae,
209 1032 424 1086 gradibus
443 1033 726 1073 adscendens
746 1033 803 1073 ad
822 1045 943 1084 eum,
970 1035 1047 1088 qui
1063 1033 1175 1074 fecit
1191 1045 1283 1084 me3
1315 1040 1361 1072 et

34 1090 170 1129 venio
189 1088 234 1128 in
253 1101 437 1141 campos
456 1094 501 1129 et
518 1089 612 1129 lata
628 1090 861 1144 praetoria
878 1090 1141 1140 memoriae,
1161 1089 1238 1130 ubi
1256 1097 1362 1129 sunt

34 1143 240 1185 thesauri
270 1145 670 1186 innumerabilium
690 1146 939 1200 imaginum
964 1146 1020 1186 de
1046 1144 1360 1187 cuiuscemodi

34 1201 172 1241 rebus
197 1202 342 1242 sensis
366 1201 663 1243 invectarum.
722 1202 792 1243 lbi
812 1203 1101 1243 reconditum
1119 1207 1208 1252 cst,
1234 1200 1360 1255 quid-

38 1257 146 1310 quid
181 1257 317 1297 etiam
350 1259 624 1311 cogitamus,
657 1258 731 1298 vel
764 1257 974 1312 augendo
999 1259 1073 1298 vel
1096 1257 1359 1306 minuendo,

35 1313 110 1353 vel
127 1318 368 1366 utcumque
387 1314 604 1354 variando
626 1326 698 1364 ea,
724 1326 838 1367 quae
863 1326 1025 1354 sensus
1044 1313 1280 1367 adtigerit3
1315 1317 1361 1351 et

38 1370 79 1409 si
103 1369 211 1422 quid
235 1369 359 1408 aliud
382 1369 745 1410 commendatum
769 1374 815 1409 et
836 1370 1090 1422 repositum
1114 1374 1204 1419 est,
1238 1367 1361 1422 quod

36 1425 236 1465 nondum
269 1424 506 1466 absorbuit
537 1430 583 1465 et
605 1426 818 1478 sepelivit
841 1425 1028 1466 oblivio.
1087 1425 1157 1465 lbi
1179 1424 1358 1478 quando

37 1494 150 1530 sum,
169 1492 327 1534 posco,
345 1485 395 1521 ut
413 1480 673 1535 proferatur
692 1481 911 1535 quidquid
928 1481 1051 1531 volo,
1074 1486 1118 1521 et
1137 1480 1358 1534 quaedam

36 1537 191 1576 statim
226 1536 471 1589 prodeunt3
505 1537 726 1591 quaedam
756 1539 1050 1590 requiruntur
1083 1538 1275 1587 diutius,
1315 1542 1360 1576 et

36 1598 264 1646 tamquam
289 1593 344 1634 de
378 1593 738 1634 abstrusioribus
764 1593 1032 1647 quibusdam
1054 1592 1359 1646 receptaculis

38 1654 274 1699 eruuntur3
308 1649 529 1702 quaedam
553 1651 819 1690 catervatim
843 1662 892 1690 se
916 1655 1159 1704 proruunt,
1185 1654 1232 1690 et
1254 1648 1358 1689 dum

37 1704 161 1745 aliud
177 1706 349 1757 petitur
367 1710 413 1745 et
430 1707 682 1759 quaeritur,
697 1706 944 1760 prosiliunt
958 1706 1005 1747 in
1021 1706 1235 1756 medium,
1254 1718 1358 1759 qua-

38 1762 78 1800 si
110 1760 326 1801 dicentia:
358 1773 414 1801 ne
441 1761 562 1803 forte
585 1775 670 1803 nos
695 1761 874 1802 sumus}
903 1762 961 1803 Et
986 1762 1121 1817 abigo
1148 1774 1203 1802 ea
1224 1774 1360 1802 manu

38 1816 191 1856 cordis
216 1828 242 1855 a
263 1816 382 1857 facie
404 1818 742 1859 recordationis
760 1830 910 1869 meae,
935 1818 1080 1859 donec
1100 1818 1359 1859 enubiletur

38 1871 159 1925 quod
181 1872 311 1922 volo,
337 1878 471 1927 atque
495 1874 542 1914 in
567 1880 863 1928 conspectum
886 1875 1082 1928 prodeat
1100 1887 1156 1915 ex
1173 1874 1356 1914 abditis.

36 1927 135 1967 Alia
151 1927 351 1968 faciliter
368 1935 503 1982 atque
522 1931 847 1984 imperturbata
865 1933 1005 1981 serie,
1030 1931 1148 1971 sicut
1165 1942 1357 1983 poscun-

35 1989 122 2034 tur,
136 1984 455 2037 subgeruntur,
468 1990 514 2025 et
526 1987 691 2028 cedunt
704 1987 1028 2040 praecedentia
1039 1984 1357 2040 consequenti-

35 2039 142 2089 bus,
162 2045 207 2079 et
224 2040 428 2080 cedendo
449 2041 726 2093 conduntur,
742 2044 910 2083 iterum
928 2056 1029 2083 cum
1044 2043 1235 2083 voluero
1254 2052 1356 2093 pro-

39 2107 237 2135 cessura.
299 2095 434 2145 Quod
456 2101 604 2137 totum
626 2098 696 2149 fit,
723 2111 823 2139 cum
848 2098 1020 2153 aliquid
1037 2110 1170 2138 narro
1189 2107 1356 2137 memo-

38 2152 165 2191 riter.
225 2151 293 2191 lbi
315 2158 420 2192 sunt
445 2154 596 2193 omnia
613 2153 827 2195 distincte
847 2157 1189 2208 generatimque
1209 2163 1356 2192 serva-

34 2210 103 2256 ta,
123 2218 235 2260 quae
255 2220 336 2248 suo
357 2220 563 2263 quaeque
582 2209 709 2252 aditu
725 2213 907 2265 ingesta
924 2215 1042 2260 sunt,
1063 2211 1180 2250 sicut
1199 2208 1277 2249 lux
1294 2211 1358 2247 at-
