1514 2438
316 120 841 163 CONFESSIONUM
871 121 1074 161 {ABER
1105 121 1158 160 X.
1323 121 1399 159 177

79 207 281 259 eiapsum
307 212 377 246 est
400 206 570 256 animo,
604 207 749 260 ipsam
776 206 1041 246 memoriam
1062 210 1279 246 vocantes
1303 206 1397 244 aui-

74 277 209 303 mum.
270 262 380 302 Cum
399 274 508 316 ergo
526 264 592 302 ita
610 264 687 313 sit,
715 263 822 316 quid
842 268 910 303 est
931 260 1037 312 hoc,
1063 262 1185 315 quod
1203 274 1303 301 cum
1318 262 1396 300 tri-

75 319 248 358 stitiam
264 330 408 359 meam
425 319 722 371 praeteritam
740 319 887 359 laetus
904 319 1109 367 memini,
1128 317 1301 358 animus
1320 316 1396 357 ha-

73 375 153 415 bet
184 375 423 425 laetitiam,
458 379 505 414 et
524 375 747 415 memoria
772 375 1029 424 tristitiam,
1062 375 1304 427 laetusque
1329 380 1399 414 est

77 431 323 482 animus-ex
341 443 410 479 eo,
429 431 550 483 quod
568 433 690 471 inest
707 433 750 471 ei
767 431 959 480 laetitia,
978 431 1197 470 memoria
1212 442 1321 470 vero
1342 442 1399 470 ex

79 499 150 536 eo,
171 486 291 540 quod
308 487 429 526 inest
447 489 487 526 ei
507 487 715 536 tristitia,
740 487 887 527 tristis
905 500 995 526 non
1017 486 1109 526 est}
1139 485 1256 527 Num
1276 486 1398 526 forte

76 555 167 583 non
184 542 382 595 pertinet
401 543 457 582 ad
477 542 698 582 animum?
730 543 841 591 Quis
859 541 946 582 hoc
967 542 1159 583 dixerit?
1176 542 1400 583 Nimirum

80 610 189 651 ergo
202 599 421 638 memoria
442 599 568 652 quasi
583 604 742 639 venter
761 604 830 639 est
844 599 996 649 animi,
1012 599 1190 639 laetitia
1207 611 1316 638 vero
1337 604 1400 637 at-

79 666 164 708 que
187 654 380 695 tristitia
404 655 536 707 quasi
559 655 685 695 cibus
713 655 858 695 dulcis
886 661 931 695 et
954 668 1155 706 amarus3
1189 668 1290 695 cum
1310 667 1401 694 me-

77 710 249 751 moriae
284 711 678 761 commendantur,
714 712 845 764 quasi
876 713 1071 752 traiecta
1103 713 1150 751 in
1182 717 1402 759 ventrem,

75 766 267 806 recondi
287 766 385 807 illic
408 772 622 819 possunt,
657 780 817 821 sapere
842 780 933 807 non
957 773 1161 821 possunt.
1221 767 1403 807 Ridicu-

77 823 170 862 lum
182 829 252 862 est
270 821 383 862 haec
401 823 494 863 illis
514 823 681 863 similia
697 829 872 877 putare,
886 835 970 864 nec
988 830 1141 863 tamen
1158 828 1263 863 sunt
1281 823 1406 863 omni

77 879 216 919 modo
237 878 491 919 dissimilia.
525 879 616 920 Sed
636 891 742 919 ecce
762 879 816 919 de
834 881 1056 920 memoria
1072 878 1281 933 profero,
1303 892 1405 919 cum

81 935 184 974 dico
201 940 395 988 quatuor
408 947 509 975 esse
522 936 890 988 perturbationes
910 936 1068 975 animi:
1091 936 1404 989 cupiditatem,

79 991 326 1041 laetitiam,
348 997 535 1042 metum,
554 992 810 1043 tristitiam,
845 997 890 1032 et
907 992 1126 1046 quidquid
1153 992 1207 1032 de
1226 990 1296 1032 his
1316 991 1405 1031 dis-

80 1053 240 1101 putare
271 1052 488 1100 potuero,
525 1047 768 1088 dividendo
799 1049 981 1102 singula
1017 1060 1099 1101 per
1127 1049 1305 1101 species
1335 1049 1407 1088 sui

82 1104 299 1157 cuiusque
322 1104 529 1157 generis,
555 1110 600 1144 et
623 1104 903 1154 definiendo,
927 1104 992 1145 ibi
1011 1105 1194 1144 invenio
1214 1104 1323 1158 quid
1341 1104 1406 1144 di-

82 1171 201 1209 cam,
229 1164 363 1213 atque
386 1160 492 1200 inde
515 1159 724 1213 profero,
747 1173 832 1201 nec
854 1166 1006 1200 tamen
1023 1161 1118 1200 ulla
1136 1173 1289 1201 earum
1308 1172 1406 1214 per-

81 1216 341 1256 turbatione
359 1217 617 1269 perturbor,
638 1230 739 1257 cum
758 1229 834 1257 eas
853 1217 1190 1257 reminiscendo
1212 1229 1406 1257 comme-

80 1283 226 1320 mor0,
242 1277 288 1312 et
305 1278 408 1312 ante
429 1285 562 1326 quam
580 1273 896 1313 recolerentur
913 1286 1019 1313 ame
1040 1278 1085 1312 et
1104 1278 1405 1313 retractaren-

79 1332 171 1376 tur,
194 1327 260 1368 ibi
278 1334 425 1378 erant3
459 1334 704 1382 propterea
720 1329 825 1368 inde
843 1341 924 1382 per
940 1329 1309 1369 recordationem
1328 1340 1405 1381 po-

79 1389 209 1422 tuere
243 1382 464 1435 depromi.
522 1385 662 1424 Forte
698 1396 830 1437 ergo,
865 1385 984 1424 sicut
1017 1384 1070 1424 de
1094 1390 1252 1424 ventre
1277 1384 1404 1424 cibus

80 1439 374 1489 ruminando,
409 1440 475 1479 sic
509 1441 598 1480 ista
621 1441 675 1480 de
701 1440 920 1480 memoria
942 1440 1227 1480 recordando
1252 1439 1404 1493 profe-

79 1499 255 1535 runtur.
318 1495 408 1535 Cur
430 1496 571 1549 igitur
596 1496 642 1534 in
667 1508 745 1535 ore
772 1497 1071 1549 cogitationis
1093 1510 1184 1536 non
1208 1497 1405 1536 sentitur

81 1562 108 1589 a
125 1550 400 1604 disputante,
421 1550 508 1592 hoc
527 1557 610 1601 est,
627 1564 653 1591 a
668 1552 1010 1601 reminiscente,
1028 1553 1231 1592 laetitiae
1252 1552 1403 1593 dulce-

81 1606 138 1646 do
156 1607 230 1646 vel
247 1608 501 1648 amaritudo
520 1607 806 1648 moestitiae?
821 1608 887 1648 An
904 1609 950 1648 in
969 1607 1056 1648 hoc
1074 1609 1296 1649 dissimile
1319 1614 1403 1657 est,

81 1663 204 1716 quod
226 1676 316 1703 non
338 1664 535 1730 undique
555 1664 704 1704 simile
725 1664 819 1704 est}
851 1664 962 1713 Quis
979 1667 1097 1705 enim
1114 1665 1226 1705 talia
1241 1665 1402 1706 volens

78 1718 240 1771 loquer
245 1725 360 1770 etur,
375 1722 414 1761 si
427 1722 606 1774 quoties
620 1721 854 1761 tristitiam
865 1727 1063 1761 metumv
1068 1733 1090 1760 e
1102 1722 1402 1770 nominamus,

76 1775 218 1815 toties
242 1788 451 1817 moerele
470 1791 496 1817 v
501 1777 544 1817 el
558 1778 721 1817 timere
742 1789 882 1831 coger
888 1777 1039 1817 emur‘l
1068 1777 1126 1817 Et
1143 1783 1294 1818 tamen
1312 1790 1402 1817 non

81 1842 136 1870 ea
158 1830 470 1884 loqueremur,
504 1834 594 1874 nisi
616 1835 663 1873 in
686 1834 908 1873 memoria
932 1840 1091 1874 nostra
1113 1846 1204 1873 non
1226 1840 1403 1873 tantum

78 1898 218 1926 sonos
235 1889 466 1929 nominum
484 1890 760 1930 secundum
748 1890 972 1955 imagines
993 1890 1240 1942 impressas
1260 1902 1286 1929 a
1303 1902 1401 1929 sen-

77 1942 202 1982 sibus
225 1946 446 1996 οοΥΡοιίε,
467 1946 547 1985 sed
566 1947 704 1985 etiam
720 1958 795 1985 rel
801 1960 872 1986 um
887 1948 1011 2000 ipsar
1017 1959 1087 1985 um
1106 1948 1320 1986 notiones
1338 1946 1401 1984 in-

78 1999 352 2049 veniremus,
369 2013 478 2053 quas
490 2001 640 2041 nulla
628 2014 764 2041 lanua
776 2003 923 2041 carnis
936 2003 1209 2055 accepimus,
1230 2001 1311 2041 sed
1324 2013 1401 2040 eas

77 2054 175 2106 ipse
187 2056 361 2096 animus
375 2068 456 2120 pei
476 2069 613 2110 expei
616 2057 802 2098 1ent1am
820 2058 1082 2111 passionum
1101 2070 1206 2097 suar
1211 2070 1283 2096 um
1302 2068 1400 2096 sen-

77 2111 195 2151 tiens
211 2113 459 2152 memoriae
481 2113 812 2153 commendavit
815 2114 1025 2167 ‚autipsa
1038 2114 1126 2153 sibi
1140 2113 1252 2152 haec
1265 2113 1400 2152 etiam

78 2178 167 2205 non
187 2169 503 2208 commendata
520 2170 725 2209 retinuit.

162 2223 209 2263 C.
233 2223 331 2264 XV.
393 2223 484 2265 Sed
519 2230 665 2265 utrum
696 2236 778 2278 per
798 2226 1039 2278 imagines,
1074 2237 1129 2263 an
1153 2237 1263 2272 non,
1299 2224 1398 2276 quis

132 2284 351 2319 Auous‘r.
378 2287 617 2320 commiss.
