1514 2438
297 100 826 143 CONFESSIONUM
865 102 1067 144 LIBER
1098 104 1153 145 X.
1310 104 1388 144 195

65 184 183 225 diem
205 184 360 236 fuero,
385 187 657 228 multimodo
679 187 869 241 adlapsu
886 188 1120 230 blanditur
1136 189 1247 230 mihi
1266 190 1390 231 aliud

64 244 233 295 agenti,
257 249 301 282 et
319 255 416 283 eam
435 256 524 283 non
543 244 815 284 advertenti.
865 245 1069 286 Insinuat
1087 252 1240 286 autem
1258 259 1307 287 se
1325 249 1390 287 ita

64 296 376 348 vehementer,
405 306 453 339 ut
475 301 515 340 si
538 305 726 352 repente
753 300 1065 353 subtrahatur,
1092 316 1192 343 cum
1211 303 1390 343 deside-

64 354 134 393 rio
155 357 429 407 requiratur3
464 361 509 395 et
526 358 566 396 si
584 356 661 396 diu
680 356 819 407 absit,
847 359 1090 398 contristat
1107 360 1318 399 animum.
1354 359 1389 399 Ο

64 410 162 459 lux,
198 423 328 463 quam
363 412 546 452 videbat
569 413 765 462 Tobias‚
802 425 902 453 cum
925 414 1092 454 clausis
1120 416 1266 454 oculis
1290 416 1392 455 istis

66 466 208 506 filium
227 467 423 507 docebat
441 468 560 508 vitae
580 469 721 518 viam,
744 473 789 508 et
808 469 849 509 ei
868 469 1076 523 praeibat
1094 471 1209 523 pede
1230 473 1393 511 carita-

65 522 124 561 tis
143 535 361 576 nusquam
379 536 554 564 errans:
584 531 661 564 aut
679 537 812 579 quam
831 527 1016 566 videbat
1033 526 1162 567 Isaac
1179 540 1391 581 praegra-

64 578 180 618 vatis
201 584 246 618 et
264 580 435 631 opertis
455 586 692 621 senectute
713 583 890 622 carneis
911 583 1170 632 luminibus,
1192 597 1291 623 cum
1310 584 1393 623 fili-

67 645 118 673 os
155 647 247 674 non
284 636 578 688 agnoscendo
622 637 917 688 benedicere,
957 639 1038 678 sed
1076 639 1392 679 benedicendo

65 702 317 743 agnoscere
340 694 526 732 meruit:
559 698 636 733 aut
660 706 793 747 quam
814 694 1000 734 ridebat
1026 694 1187 744 Iacob,
1223 709 1320 735 cum
1349 703 1395 736 et

61 746 160 798 ipse
188 759 296 800 prae
322 749 484 802 grandi
509 754 658 789 aetate
687 755 844 803 captus
872 751 1040 801 oculis,
1064 751 1111 790 in
1135 750 1241 791 filiis
1264 765 1394 804 prae-

65 802 246 856 signata
258 802 570 858 futuripopuli
588 817 760 858 genera
776 805 1004 847 luminoso
1025 807 1163 847 corde
1183 808 1393 858 radiavit,

67 863 112 898 et
137 860 379 911 nepotibus
405 862 499 901 suis
526 873 581 902 ex
607 860 773 915 Ioseph
800 862 986 903 divexas
1009 865 1204 916 mystice
1234 877 1392 904 manus

64 927 156 954 non
175 915 294 955 sicut
309 921 439 969 pater
457 929 615 957 eorum
631 916 745 958 foris
769 919 1045 973 corrigebat,
1059 920 1141 959 sed
1160 921 1392 975 sicutipse

64 971 186 1010 intus
207 971 517 1023 discernebat,
537 975 774 1028 imposuit!
807 975 911 1029 Ipsa
929 981 999 1016 est
1017 976 1113 1027 lux,
1135 989 1224 1016 una
1243 983 1327 1026 est,
1350 982 1395 1017 et

66 1039 202 1066 unum
229 1040 383 1068 omnes
417 1030 493 1082 qui
515 1030 672 1070 vident
698 1036 743 1070 et
769 1037 921 1071 amant
944 1044 1056 1073 eam.
1115 1033 1171 1072 At
1188 1033 1278 1072 ista
1296 1046 1394 1073 cor-

65 1083 258 1135 poralis,
292 1085 346 1125 de
373 1098 461 1138 qua
483 1085 724 1140 loquebar,
759 1087 1037 1128 illecebrosa
1061 1101 1111 1129 ac
1134 1089 1397 1142 periculosa

66 1139 308 1180 dulcedine
344 1141 501 1181 condit
531 1142 671 1182 vitam
704 1143 878 1184 saeculi
911 1146 1060 1184 caecis
1098 1145 1393 1186 amatoribus,

68 1195 156 1243 Qui
173 1201 325 1236 autem
344 1202 389 1237 et
409 1197 463 1237 de
483 1199 584 1250 ipsa
602 1198 788 1239 laudare
807 1205 851 1240 te
870 1208 1052 1250 norunt,
1068 1200 1192 1242 Deus
1213 1207 1396 1241 creator

67 1252 284 1299 omnium,
320 1253 563 1294 adsumunt
604 1267 703 1295 eam
740 1258 787 1297 in
813 1255 981 1309 hymno
1007 1262 1108 1306 tuo,
1147 1270 1238 1297 non
1264 1258 1394 1297 absu-

65 1313 246 1348 muntur
264 1309 318 1349 ab
339 1321 393 1349 ea
410 1310 456 1349 in
475 1322 634 1350 somno
654 1324 760 1351 suo:
794 1314 860 1352 sic
879 1324 980 1352 esse
1001 1314 1149 1366 cupio.
1209 1314 1393 1354 Resisto

66 1364 410 1405 seductionibus
437 1366 696 1416 oculorum,
727 1379 783 1407 ne
810 1368 1101 1421 implicentur
1123 1369 1263 1421 pedes
1290 1370 1394 1419 mei,

68 1419 230 1473 quibus
253 1420 492 1473 ingredior
516 1423 635 1462 viam
652 1427 800 1473 tuam3
834 1429 879 1463 et
898 1425 1028 1477 erigo
1050 1425 1107 1464 ad
1125 1430 1169 1465 te
1187 1425 1394 1465 invisibi-

65 1476 134 1516 les
165 1476 345 1526 oculos,
371 1482 422 1516 ut
438 1482 488 1516 tu
508 1478 679 1518 evellas
699 1479 754 1518 de
774 1480 939 1533 laqueo
958 1480 1099 1533 pedes
1118 1493 1261 1521 meos.
1322 1483 1394 1523 Tu

65 1532 256 1573 subinde
282 1532 442 1573 evellis
462 1545 563 1585 eos,
596 1547 698 1574 nam
716 1536 1036 1589 illaqueantur.
1099 1538 1170 1577 Tu
1188 1549 1278 1577 non
1298 1549 1393 1578 ces-

66 1601 140 1629 sas
176 1589 396 1638 evellere,
433 1601 519 1643 ego
556 1596 707 1630 autem
743 1592 904 1632 crebro
940 1591 1108 1633 haereo
1144 1594 1190 1632 in
1225 1593 1393 1647 ubique

65 1645 234 1698 sparsis
252 1645 453 1696 insidiis3
483 1647 697 1699 quoniam
715 1661 805 1688 non
827 1648 1041 1699 dormies,
1061 1661 1206 1703 neque
1227 1650 1392 1690 dormi-

62 1701 196 1750 tabis,
217 1701 294 1755 qui
312 1702 516 1742 custodis
535 1702 690 1744 Israel.
728 1704 873 1753 Quam
887 1706 1238 1746 innumerabilia
1254 1707 1393 1746 variis

65 1757 239 1796 artibus
266 1762 311 1797 et
341 1758 536 1811 opificiis
559 1759 607 1799 in
633 1761 856 1812 vestibus,
883 1762 1226 1812 calceamentis,
1253 1764 1392 1812 vasis,

66 1817 111 1851 et
144 1814 455 1854 cuiuscemodi
479 1814 883 1868 fabricationibus,
916 1819 1108 1872 picturis
1133 1821 1290 1868 etiam,
1328 1819 1392 1858 di-

67 1869 300 1921 versisque
321 1870 572 1923 figmentiS‚
603 1878 738 1927 atque
760 1873 828 1914 his
846 1888 978 1915 usum
998 1875 1307 1915 necessarium
1329 1880 1390 1914 at-

65 1936 151 1977 que
174 1925 459 1965 moderatum
486 1932 530 1966 et
547 1929 666 1980 piam
686 1931 1071 1983 significationem
1089 1932 1226 1985 longe
1245 1936 1392 1970 trans-

67 1980 382 2032 gredientibus
396 2012 406 2031 ‚
426 1982 701 2025 addiderunt
718 1985 926 2027 homines
946 1987 1003 2027 ad
1020 1988 1264 2028 illecebras
1286 1999 1391 2025 ocu·

64 2035 225 2085 lorum,
241 2035 367 2077 foras
383 2045 628 2091 sequentes
650 2043 772 2094 quod
789 2041 978 2093 faciunt,
991 2044 1113 2084 intus
1132 2043 1390 2095 relinquen-

64 2095 134 2129 tes
168 2104 194 2131 a
227 2105 314 2146 quo
349 2092 462 2133 facti
495 2100 618 2145 sunt,
655 2102 701 2137 et
733 2099 1089 2139 exterminantes
1124 2098 1246 2152 quod
1277 2097 1393 2136 facti

65 2151 182 2187 sunt.
233 2150 289 2188 At
309 2161 411 2203 ego,
432 2150 557 2190 Deus
575 2164 701 2193 meus
723 2159 769 2194 et
786 2155 924 2195 decus
942 2167 1108 2204 meum,
1128 2154 1266 2193 etiam
1286 2152 1390 2192 hinc

68 2202 169 2243 dico
195 2204 281 2244 tibi
298 2203 533 2258 hymnum,
565 2213 610 2247 et
629 2211 838 2251 sacrifico
857 2211 1039 2251 laudem
1059 2209 1389 2251 sanctificatori

963 2266 1002 2306 N
1023 2268 1046 2305 2
