1473 2443
107 160 189 202 246
421 162 697 204 AURELII
725 164 1099 209 AUGUSTINI

106 246 376 296 nominavit,
412 246 466 286 de
501 260 588 300 qua
619 248 796 289 coelum
822 256 868 290 et
890 255 1058 291 terram
1079 251 1227 292 Deum
1248 251 1414 294 fecisse

103 302 407 355 praedixerat,
426 303 677 356 spiritalem
696 305 873 346 scilicet
899 308 1270 362 corporalemque
1291 322 1414 349 crea-

104 364 264 398 turam.
323 357 478 409 Aliud,
503 360 577 412 qui
605 361 733 400 dicit:
766 367 887 402 terra
910 370 1054 403 autem
1079 371 1176 404 erat
1189 363 1413 405 invisibilis

104 420 147 453 et
174 412 484 466 incomposita,
520 422 561 454 et
593 416 795 457 tenebrae
818 425 946 458 erant
964 431 1091 472 super
1117 419 1333 474 abyssum,
1366 422 1412 462 id

104 467 455 518 est‚informitas
474 471 695 523 quaedam
711 472 799 512 iam
816 475 1030 515 materies
1050 481 1161 525 erat,
1174 476 1291 516 unde
1311 489 1413 517 coe-

102 526 194 565 lum
221 529 266 564 et
289 530 457 565 terram
475 525 622 566 Deum
645 526 813 568 fecisse
832 530 1056 583 scriptura
1072 531 1321 584 praedixit,
1344 538 1413 572 to-

101 587 194 621 tam
218 581 397 621 scilicet
413 593 680 635 corpoream
697 585 852 625 mundi
870 586 1055 636 molem,
1081 587 1126 626 in
1146 587 1256 627 duas
1275 589 1413 628 maxi-

100 649 196 677 mas
227 643 400 688 partes,
435 639 717 690 superiorem
750 645 884 693 atque
913 640 1178 682 inferiorem
1203 643 1414 684 distribu-

99 698 207 741 tam,
227 705 327 731 cum
346 694 567 744 omnibus,
587 707 700 748 quae
718 695 764 735 in
783 697 848 736 eis
867 702 984 747 sunt,
1006 698 1182 738 usitatis
1201 700 1414 753 notisque

102 748 337 789 creaturis.

184 803 230 843 C.
255 803 398 844 XXII.
459 803 571 844 Cum
603 805 722 846 enim
754 806 926 849 duabus
952 809 1052 849 istis
1077 810 1291 851 extremis
1316 824 1414 851 sen-

98 859 255 899 tentiis
295 859 512 900 resistere
547 862 783 916 quisquam
815 864 880 903 ita
913 867 1172 906 tentaverit:
1211 865 1294 916 „Si
1324 880 1415 908 non

100 915 237 954 vultis
256 912 370 954 hanc
387 914 716 957 informitatem
732 920 950 960 materiae
969 921 1088 961 coeli
1107 927 1152 961 et
1167 926 1318 962 terrae
1337 935 1414 963 no-

99 971 218 1010 mine
239 970 513 1022 adpellatam
530 972 697 1023 videri,
725 986 822 1014 erat
840 987 948 1029 ergo
970 977 1163 1030 aliquid,
1185 977 1308 1031 quod
1325 991 1414 1019 non

97 1025 275 1066 fecerat
291 1025 415 1066 Deus
429 1057 440 1076 ,
464 1028 582 1068 unde
602 1029 780 1069 coelum
798 1035 843 1070 et
859 1036 1026 1072 terram
1042 1032 1234 1084 faceret3
1266 1045 1414 1087 neque

100 1082 220 1121 enim
243 1082 468 1134 scriptura
490 1085 710 1135 narravit,
737 1086 858 1139 quod
879 1088 1014 1127 istam
1035 1090 1271 1129 materiam
1287 1089 1415 1131 Deus

96 1136 276 1186 fecerit,
292 1138 381 1177 nisi
398 1135 490 1191 [ut]
507 1138 831 1193 intelligamus,
852 1154 950 1182 eam
965 1144 1084 1183 coeli
1101 1149 1145 1184 et
1158 1149 1325 1197 terrae,
1337 1151 1416 1186 aut

97 1193 241 1233 solius
254 1197 404 1232 terrae
416 1193 640 1235 vocabulo
656 1196 973 1249 significatam,
989 1211 1089 1239 cum
1103 1200 1350 1242 diceretur:
1369 1201 1416 1242 in

89 1247 311 1303 principio
324 1247 445 1304 fecit
462 1246 583 1289 Deus
608 1252 772 1292 coelam
789 1259 832 1292 et
848 1260 1029 1304 terram,
1055 1260 1105 1295 ut
1121 1255 1186 1306 id,
1206 1257 1328 1310 quod
1345 1269 1414 1298 se-

98 1305 266 1357 quitur:
314 1311 433 1344 terra
465 1312 609 1346 autem
647 1315 741 1347 erat
779 1307 1003 1350 invisibilis
1037 1316 1079 1350 et
1108 1309 1411 1365 incomposita,

95 1360 297 1413 quamvis
320 1359 562 1401 informem
583 1364 819 1403 materiam
842 1365 907 1405 sic
925 1366 1148 1419 placuerit
1165 1366 1412 1421 adpellare,

93 1428 184 1456 non
202 1421 353 1455 tamen
369 1416 679 1471 intelligamus
695 1420 783 1459 nisi
801 1432 913 1469 eam,
930 1434 1061 1475 quam
1074 1421 1184 1462 fecit
1199 1422 1324 1463 Deus
1336 1454 1347 1474 ‚
1365 1426 1411 1464 in

96 1484 172 1521 eo,
198 1471 318 1524 quod
342 1474 672 1527 praescriptum
697 1480 785 1515 est:
805 1474 926 1530 fecit
941 1475 1061 1517 Deus
1085 1479 1248 1518 coelum
1266 1485 1309 1519 et
1327 1486 1411 1520 ter-

93 1530 249 1567 ram:“
292 1528 634 1580 respondebunt
676 1531 936 1573 adsertores
989 1533 1176 1574 duarum
1219 1535 1410 1575 istarum

94 1583 441 1634 sententiarum,
481 1597 591 1638 quas
626 1591 851 1628 extremas
875 1589 1131 1641 posuimus,
1167 1595 1244 1630 aut
1266 1590 1406 1641 illius,

93 1643 170 1677 aut
191 1639 330 1688 illius,
351 1651 450 1678 cum
469 1638 580 1680 haec
599 1643 845 1693 audierint,
866 1648 911 1683 et
929 1644 1098 1683 dicent:
1132 1644 1405 1693 „Informem

94 1693 273 1744 quidem
298 1696 432 1733 istam
455 1698 689 1737 materiam
712 1712 803 1738 non
824 1711 1041 1751 negamus
1060 1712 1086 1738 a
1103 1699 1203 1739 Deo
1223 1699 1404 1751 factam,

93 1748 214 1797 Deo,
241 1762 267 1787 a
290 1762 377 1800 quo
403 1756 507 1790 sunt
531 1753 680 1793 omnia
699 1753 820 1793 bona
839 1753 991 1804 valde3
1025 1755 1131 1807 quia
1154 1756 1271 1795 sicut
1295 1756 1404 1796 dici-

90 1817 187 1843 mus
203 1805 391 1857 amplius
410 1806 576 1846 bonum
595 1820 711 1858 esse,
727 1809 848 1862 quod
867 1814 1067 1849 creatum
1085 1815 1219 1863 atque
1238 1810 1404 1851 forma-

90 1864 185 1899 tum
204 1864 292 1908 est,
312 1861 376 1899 ita
392 1859 587 1901 fatemur
603 1865 749 1904 minus
766 1864 934 1904 bonum
953 1877 1076 1915 esse,
1096 1866 1217 1919 quod
1234 1866 1404 1908 factum

91 1919 161 1954 est
179 1915 376 1955 creabile
396 1921 529 1969 atque
547 1916 808 1969 formabile,
827 1919 908 1959 sed
925 1924 1076 1960 tamen
1092 1921 1280 1962 bonum:
1313 1936 1400 1963 non

91 1974 243 2010 autem
267 1983 647 2013 commemorasse
675 1975 963 2027 scripturam,
992 1976 1114 2029 quod
1131 1975 1245 2018 hanc
1262 1977 1402 2018 infor-

88 2026 291 2066 mitatem
321 2026 485 2067 fecerit
505 2026 650 2080 Deus,
682 2031 800 2070 sicut
821 2031 912 2070 alia
932 2033 1074 2071 multa
1095 2044 1185 2072 non
1209 2045 1402 2074 comme·

88 2083 304 2132 moravit‚
331 2086 381 2122 ut
394 2081 636 2125 Cherubim
659 2089 704 2125 et
728 2084 982 2140 Seraphim,
1008 2092 1053 2127 et
1078 2100 1191 2141 quae
1208 2089 1400 2140 Aposto-

87 2136 157 2176 lus
178 2137 295 2185 (Col.
317 2139 355 2188 l,
376 2136 461 2189 16.)
497 2138 708 2181 distincte
741 2141 825 2181 ait:
859 2143 1014 2193 sedes,
1048 2143 1398 2193 dominationes,

87 2194 388 2246 principatus,
407 2198 679 2248 potestates,
700 2208 814 2250 quae
832 2202 985 2239 tamen
1005 2198 1154 2238 onmia
1172 2198 1317 2238 Deum
1347 2196 1411 2236 fe-

88 2247 205 2288 cisse
240 2248 528 2291 manifestum
562 2256 645 2292 est.
708 2255 792 2294 Aut
824 2254 863 2294 si
894 2255 940 2295 in
974 2266 1050 2304 ec,
1085 2254 1205 2307 quod
1229 2253 1396 2293 dictum
