1514 2438
315 97 858 141 CONFESSIONUM
896 101 1103 141 LIBER
1135 100 1190 142 X.
1327 104 1406 142 179

83 182 408 224 obliviscimur.
468 184 531 223 An
571 196 627 225 ex
660 183 747 225 hoc
781 185 1079 239 intelligitur,
1120 199 1210 226 non
1240 198 1323 239 per
1356 200 1404 227 se

82 239 225 291 ipsam
256 241 408 279 inesse
431 241 701 291 memoriae,
736 255 836 281 cum
860 254 959 281 eam
981 244 1288 291 meminimus,
1323 243 1405 282 sed

81 307 162 348 per
184 297 429 348 imaginem
447 309 594 345 suam,
625 299 730 351 quia
748 298 885 351 siper
902 310 950 338 se
969 299 1113 351 ipsam
1132 305 1316 351 praesto
1338 312 1406 339 es-

82 356 153 390 set
171 350 356 399 oblivio,
375 364 465 391 non
483 358 532 391 ut
549 355 927 403 meminissemus,
948 355 1029 394 sed
1046 360 1095 394 ut
1114 355 1406 395 obliviscere-

82 419 180 446 mur
214 407 440 447 efficeret}
472 408 528 447 Et
554 407 641 448 hoe
666 409 765 462 quis
789 410 974 450 tandem
999 411 1261 464 indagabit?
1293 411 1406 459 Quis

81 461 436 514 comprehendet
454 465 683 517 quomodo
704 465 788 505 sit?
819 465 917 519 Ego
939 472 1084 516 certe,
1103 466 1320 516 Domine,
1346 467 1407 507 la-

79 518 193 558 boro
215 517 300 567 hic,
321 524 366 558 et
385 519 544 560 laboro
564 521 610 560 in
628 534 698 561 me
717 523 839 574 ipso:
872 521 1021 563 faetus
1041 536 1138 563 sum
1157 522 1268 563 mihi
1283 530 1409 563 terra

83 574 362 615 difficultatis
390 582 436 616 et
458 576 639 617 sudoris
659 578 799 618 nimii.
832 577 991 632 Neque
1012 579 1131 619 enim
1148 592 1266 619 nunc
1285 592 1408 620 scru-

81 635 229 670 tamur
261 630 419 685 plagas
453 633 593 683 eoeli,
628 639 706 674 aut
729 634 929 674 siderum
952 636 1195 676 intervalla
1220 635 1408 676 demeti-

81 698 194 736 mur,
212 688 286 727 vel
303 692 452 728 terrae
474 688 747 730 libramenta
765 692 1045 744 quaerimus;
1079 704 1166 746 ego
1187 706 1305 742 sum,
1331 692 1408 746 qui

80 742 285 792 memini,
311 755 398 797 ego
421 746 611 786 animus.
670 745 774 787 Non
791 748 857 786 ita
873 748 1056 797 mirum,
1077 750 1116 788 si
1135 761 1161 787 a
1177 761 1248 788 me
1266 748 1406 802 longe

81 804 165 848 est,
185 799 405 853 quidquid
424 812 510 853 ego
531 814 623 841 non
642 815 754 843 sum.
795 802 917 851 Quid
935 810 1086 844 autem
1104 805 1405 858 propinquius

78 867 149 894 me
173 855 273 907 ipso
298 854 436 896 mihi?
466 857 524 897 Et
549 869 656 898 eece
673 859 923 899 memoriae
940 872 1069 900 meae
1088 859 1156 900 vis
1176 873 1267 900 non
1287 873 1405 901 com-

76 909 376 964 prehenditur
397 925 423 952 a
445 925 536 963 me,
565 927 665 954 cum
687 915 835 967 ipsum
856 928 928 956 me
947 928 1037 956 non
1057 917 1204 956 dicam
1223 923 1406 969 praeter

78 967 216 1007 1llam.
272 967 391 1016 Quid
409 969 527 1008 enim
547 970 749 1011 dicturus
768 979 881 1021 sum,
902 972 1081 1026 quando
1100 971 1212 1012 mihi
1230 979 1406 1013 certum

77 1030 146 1063 est
170 1024 431 1064 meminisse
455 1027 525 1065 me
551 1026 855 1068 oblivionem}
885 1029 950 1068 An
970 1029 1174 1069 dicturus
1195 1042 1293 1069 sum
1311 1042 1403 1070 non

76 1091 177 1119 esse
197 1079 243 1119 in
261 1081 479 1121 memoria
495 1094 596 1122 mea
614 1083 737 1136 quod
753 1084 965 1125 memini}
993 1086 1060 1126 An
1080 1085 1284 1126 dicturus
1304 1099 1404 1125 sum

74 1136 129 1175 ad
164 1134 251 1176 hoc
282 1136 436 1177 inesse
462 1137 742 1179 oblivionem
768 1140 813 1179 in
838 1142 1061 1181 memoria
1084 1154 1207 1191 mea,
1240 1147 1291 1181 ut
1310 1155 1402 1181 non

76 1191 348 1232 obliviscarit
378 1193 627 1249 Utrumque
654 1196 1032 1238 absurdissimum
1059 1204 1142 1238 est.
1206 1198 1326 1246 Quid
1346 1199 1398 1237 il-

73 1247 150 1287 lud
180 1249 392 1299 tertium,
425 1262 513 1303 quo
548 1256 681 1305 pacto
710 1252 857 1293 dicam
881 1254 1128 1307 imaginem
1154 1254 1401 1293 oblivionis

75 1304 454 1346 tenerimemoria
471 1319 586 1356 mea,
599 1320 690 1347 non
709 1309 854 1361 ipsam
874 1309 1167 1358 oblivionem,
1182 1323 1282 1349 cum
1302 1322 1402 1349 eam

73 1360 279 1399 meminis}
312 1360 412 1408 Quo
448 1369 581 1414 pacto
617 1368 662 1403 et
694 1362 782 1404 hoc
802 1364 972 1415 dicam,
1014 1365 1194 1418 quando
1218 1365 1401 1419 quidem

74 1428 174 1455 eum
211 1416 488 1468 imprimitur
527 1419 595 1458 rei
636 1421 854 1473 cuiusque
893 1421 1046 1475 imago
1080 1422 1128 1460 in
1160 1422 1400 1471 memoria,

69 1472 194 1522 prius
220 1483 411 1512 neeesse
440 1477 530 1521 est,
556 1479 605 1514 ut
626 1475 746 1515 adsit
769 1488 843 1516 res
861 1477 976 1529 ipsa,
1001 1478 1120 1518 unde
1145 1477 1228 1517 illa
1244 1478 1398 1531 imago

69 1527 218 1580 possit
248 1527 472 1581 imprimiZ
504 1529 579 1570 Sic
619 1532 738 1570 enim
771 1532 1062 1586 Carthaginis
1095 1534 1294 1583 memini,
1332 1534 1399 1573 sic

71 1584 268 1623 omnium
286 1584 507 1635 locorum,
523 1587 684 1640 quibus
698 1588 901 1639 interfui,
918 1590 983 1629 sic
1001 1588 1145 1630 facies
1166 1588 1400 1630 hominum

70 1652 180 1693 quas
199 1640 306 1690 vidi,
324 1645 369 1680 et
387 1648 673 1682 caeterorum
694 1656 908 1685 sensuum
927 1646 1156 1696 nuntiata3
1170 1647 1236 1686 sic
1252 1646 1398 1699 ipsius

70 1696 276 1749 corporis
296 1697 510 1747 salutem,
531 1700 627 1739 sive
647 1700 870 1742 dolorem.
906 1702 1017 1741 Cum
1035 1708 1221 1756 praesto
1243 1707 1400 1743 essent

66 1751 174 1800 ista,
210 1753 330 1806 cepit
362 1754 418 1794 ab
444 1755 509 1794 eis
534 1755 759 1809 imagines
783 1759 1023 1807 memoria,
1058 1771 1169 1812 quas
1192 1760 1398 1799 intuerer

65 1815 333 1860 praesentes
346 1839 356 1858 ,
383 1814 429 1849 et
446 1816 744 1852 retractarem
763 1814 934 1864 animo,
956 1827 1055 1854 cum
1072 1815 1154 1855 illa
1172 1820 1218 1855 et
1236 1816 1395 1855 absen-

66 1863 131 1903 tia
153 1866 487 1905 reminiscerer.
549 1866 597 1908 Si
623 1880 733 1922 ergo
758 1882 839 1923 per
863 1871 1111 1924 imaginem
1134 1883 1281 1920 suam,
1304 1883 1395 1910 non

64 1931 147 1972 per
179 1931 227 1959 se
260 1922 405 1974 ipsam
436 1923 482 1962 in
505 1927 728 1965 memoria
750 1932 933 1966 tenetur
958 1927 1152 1976 oblivio,
1185 1929 1287 1980 ipsa
1308 1928 1395 1966 uti-

66 1987 151 2028 que
187 1975 368 2026 aderat,
401 1984 451 2017 ut
485 1981 581 2019 eius
612 1982 764 2035 imago
791 1989 1043 2035 caperetur.
1106 1983 1216 2022 Cum
1243 1988 1395 2022 autem

66 2031 272 2082 adesset,
298 2034 528 2087 quomodo
552 2037 798 2090 imaginem
822 2052 950 2079 suam
973 2041 1019 2079 in
1043 2040 1265 2079 memoria
1289 2050 1393 2078 eon-

67 2088 318 2139 scribebat,
344 2090 523 2142 quando
547 2091 594 2131 id
618 2095 774 2144 etiam,
795 2095 917 2147 quod
936 2096 1026 2134 iam
1048 2101 1252 2135 notatum
1270 2095 1393 2133 inve-

67 2144 153 2193 nit,
192 2147 455 2197 praesentia
490 2160 573 2186 sua
611 2148 736 2189 delet
777 2150 974 2191 oblivio?
1004 2151 1062 2190 Et
1092 2156 1244 2190 tamen
1284 2162 1393 2201 quo-

68 2212 259 2255 cumque
277 2202 436 2252 modo,
464 2202 574 2243 licet
591 2205 651 2244 sit
665 2207 828 2248 modus
848 2209 937 2247 iste
955 2204 1391 2300 inlcomprehensibi-

966 2263 993 2301 n
1034 2264 1056 2301 2
