1473 2443
98 100 172 139 112
408 95 677 138 AURELII
706 94 1069 137 AUGUSTINI

92 187 317 231 nostram,
354 185 398 221 et
428 180 633 221 laborem
664 185 889 229 nostrum,
924 183 969 219 et
1002 179 1232 219 dimittens
1259 178 1409 217 omnia

91 244 284 294 peccata
306 242 477 277 nostra.
540 236 626 284 Qui
649 241 820 285 autem,
844 234 1066 276 cothurno
1084 240 1312 287 tamquam
1331 233 1408 273 do-

95 297 268 335 ctrinae
294 293 573 333 sublimioris
601 292 710 332 elati
732 304 823 331 non
850 292 1039 332 audiunt
1065 291 1310 330 dicentem:
1344 287 1404 328 di-

92 351 198 391 scite
215 363 241 389 (ι
260 362 337 396 me,
360 347 462 401 quia
481 347 595 387 mitis
612 361 704 387 stem
723 354 766 387 et
781 346 952 386 humilis
970 346 1112 395 corde,
1130 343 1407 386 etinveniecz’s

95 405 286 459 requiem
307 404 534 443 animabus
557 403 707 443 vestris
727 401 906 451 (Matth.
928 404 992 450 ll,
1012 401 1114 453 29.),
1136 401 1223 441 etsi
1241 412 1408 452 cogno-

95 466 226 502 scunt
242 460 409 508 Deum,
434 472 524 499 non
543 460 662 499 sicut
677 458 825 500 Deum
843 458 1120 511 glorificant,
1141 461 1218 496 aut
1236 455 1406 509 gratias

94 522 253 570 agunt,
280 515 361 554 sed
386 520 662 555 evanescunt
684 517 728 555 in
753 514 1110 567 cogitationibus
1130 513 1243 561 suis,
1269 516 1313 550 et
1333 511 1407 550 ob-

94 572 534 623 scuraturinsipiens
554 583 632 610 cor
650 582 820 619 eorum,
837 569 1039 609 dicentes
1057 581 1104 608 se
1121 580 1221 608 esse
1235 568 1408 620 sapien-

92 634 163 668 tes
189 627 317 667 stulti
342 627 468 666 fiunt.
528 627 585 666 Et
606 626 711 667 ideo
737 625 947 678 legebam
970 625 1034 664 ibi
1052 625 1188 664 etiam
1205 623 1409 662 immuta-

93 691 185 724 tam
205 683 397 736 gloriam
419 682 774 735 incorruptionis
800 686 905 720 tuac
932 682 978 720 in
1002 679 1128 719 idola
1145 683 1191 718 et
1206 678 1333 717 varia
1352 677 1408 716 si-

95 740 317 787 mulacra,
340 739 387 777 in
411 738 754 777 similitudinem
771 737 982 789 imaginis
1003 734 1310 787 corruptibilis
1330 731 1408 772 ho-

94 795 249 844 minis,
275 799 320 833 et
336 794 590 843 volucrum,
615 798 660 833 et
679 791 1040 846 quadrupedum,
1068 796 1112 830 et
1131 794 1405 843 serpentum,

94 851 311 890 videlicet
326 850 599 902 Aegyptium
617 849 765 889 cibum
804 847 1108 901 [lenticulam3
1141 844 1198 885 cf.
1216 846 1405 898 August.

97 910 291 947 enarrat.
315 908 361 946 in
385 905 459 945 Ps.
486 903 578 958 46]
617 918 704 957 quo
736 904 859 944 Esau
880 903 1080 956 perdidit
1102 902 1409 955 primogenita

96 975 190 1003 sua:
213 963 423 1015 quoniam
434 965 568 1012 caput
587 959 891 1013 quadrupedis
910 971 990 1011 pro
1009 963 1054 998 te
1074 957 1316 998 honoravit
1332 968 1408 1010 po-

97 1018 227 1073 pulus
251 1017 602 1070 primogenitus,
638 1028 884 1055 conversus
908 1015 1044 1054 corde
1071 1016 1117 1054 in
1140 1014 1410 1067 Aegyptum,

100 1079 142 1114 ct
166 1086 356 1113 curvans
382 1072 627 1125 imaginem
649 1076 791 1120 tuam,
816 1071 1009 1110 animam
1027 1082 1153 1109 suam
1183 1075 1286 1109 ante
1304 1068 1412 1108 ima-

100 1131 247 1184 ginem
266 1128 402 1168 rituli
424 1127 738 1167 manducantis
762 1125 962 1167 foenum.
1022 1125 1178 1165 Inveni
1202 1123 1314 1164 haec
1332 1124 1410 1167 ibi,

100 1191 142 1225 et
159 1198 249 1224 non
268 1184 548 1223 manducavi.
588 1183 770 1222 Placuit
784 1183 902 1221 enim
918 1181 1016 1229 tibi,
1034 1180 1244 1230 Domine,
1264 1178 1392 1219 aufer

98 1254 144 1282 re
164 1240 457 1293 opprobrium
476 1239 788 1278 diminutionis
808 1237 862 1277 ab
880 1236 1032 1285 Iacob,
1046 1242 1095 1276 ut
1111 1236 1256 1276 maior
1274 1236 1412 1275 servi-

96 1301 167 1336 ret
177 1297 357 1344 minori,
372 1300 418 1334 et
434 1296 611 1334 vocasti
628 1298 787 1347 gentes
804 1295 849 1333 in
869 1292 1170 1332 hereditatem
1187 1296 1323 1331 tuam.
1354 1290 1412 1329 Et

98 1366 184 1405 ego
211 1351 267 1391 ad
291 1356 335 1390 te
354 1362 566 1390 veneram
590 1362 646 1389 ex
663 1349 895 1402 gentibus,
923 1352 967 1387 et
984 1347 1158 1388 intendi
1173 1348 1218 1387 in
1238 1358 1409 1394 aurum,

97 1407 219 1462 quod
245 1407 298 1446 ab
325 1408 534 1460 Aegypto
560 1406 748 1445 voluisti
772 1410 823 1444 ut
849 1403 1051 1444 auferret
1073 1402 1267 1456 populus
1294 1406 1409 1449 tuus,

97 1463 308 1518 quoniam
323 1468 449 1502 tuum
468 1465 580 1511 erat,
599 1461 868 1514 ubicumque
889 1464 1000 1499 erat.
1030 1459 1087 1499 Et
1107 1457 1262 1499 dixisti
1277 1455 1410 1497 Athe-

96 1519 331 1560 niensibus
354 1530 435 1571 per
456 1517 723 1571 Apostolum
745 1522 890 1565 tuum,
917 1515 1032 1568 quod
1050 1514 1095 1554 in
1120 1522 1159 1553 te
1176 1513 1355 1553 vivimus
1371 1518 1411 1550 et

98 1587 317 1615 movemur
335 1581 376 1613 et
391 1586 561 1621 snmus;
579 1572 691 1612 sicut
710 1579 751 1612 et
765 1571 940 1625 qnidam
958 1570 1188 1609 secundum
1207 1581 1275 1608 eos
1294 1567 1390 1607 dixe

97 1638 215 1670 runt.
262 1631 375 1680 (Act.
398 1629 560 1678 17,2S.)
593 1628 651 1667 Et
667 1629 824 1680 utique
842 1627 947 1667 inde
968 1629 1097 1665 erant
1112 1624 1182 1663 illi
1199 1623 1316 1663 libri.
1355 1623 1409 1662 Et

97 1699 186 1726 non
201 1685 440 1725 adtendiin
458 1680 1106 1736 idolaAegyptiorum,quibus
1127 1680 1181 1719 de
1200 1691 1310 1718 auro
1330 1684 1406 1718 tuo

99 1740 439 1786 ministrabant,
465 1741 541 1792 qui
562 1742 979 1778 transmutaverunt
1002 1737 1242 1776 veritatem
1258 1733 1344 1774 Dei
1364 1735 1410 1772 in

97 1796 402 1846 mendacium,
427 1800 472 1834 et
487 1794 726 1834 coluerunt
744 1798 790 1832 et
806 1793 1062 1833 servierunt
1080 1796 1316 1831 creaturae
1333 1802 1410 1843 po-

97 1854 203 1902 tius,
224 1864 356 1905 quam
376 1850 587 1890 creatori.

181 1909 228 1947 C.
247 1907 304 1947 X.
357 1906 416 1945 Et
429 1906 533 1945 inde
548 1906 805 1946 admonitus
823 1904 973 1944 redire
993 1904 1049 1943 ad
1065 1906 1231 1943 memet
1247 1902 1407 1957 ipsum,

94 1963 263 2005 intravi
285 1963 330 2002 in
354 1962 513 2001 intima
534 1974 636 2000 mea
653 1961 766 2000 duce
784 1964 829 1999 te
843 1991 853 2009 ,
880 1965 924 1999 et
942 1959 1090 2014 potui,
1116 1961 1327 2012 quoniam
1344 1957 1407 1998 fa-

97 2025 197 2061 ctus
223 2031 271 2059 es
291 2019 473 2058 adiutor
496 2029 636 2057 meus.
696 2016 884 2065 Intravi,
913 2021 958 2055 et
980 2015 1075 2054 vidi
1094 2013 1406 2068 qualicumque

98 2076 232 2117 oculo
259 2076 434 2115 animae
458 2084 606 2122 meae,
641 2084 776 2125 supra
799 2071 1005 2111 eumdem
1028 2070 1208 2110 oculum
1232 2071 1406 2110 animae

96 2144 247 2181 meae,
268 2142 402 2184 supra
418 2134 614 2168 mentem
629 2139 791 2177 meam,
810 2127 957 2167 lucem
975 2126 1404 2173 incommutabilem,

96 2201 187 2228 non
219 2186 334 2227 hanc
358 2185 590 2238 vulgarem
616 2188 661 2224 et
689 2185 981 2237 conspicuam
1005 2183 1125 2223 omni
1149 2184 1293 2232 carni3
1326 2194 1405 2221 ne«-
