1473 2443
114 118 191 158 190
438 118 708 160 AURELII
737 120 1096 162 AUGUSTINI

112 204 384 257 plenariam,
412 216 545 258 quam
566 209 717 245 tecum
740 203 971 245 habebunt
993 205 1217 246 interiora
1239 209 1285 246 et
1306 210 1428 247 exte-

111 262 237 301 riora
255 272 371 309 mea,
392 273 492 300 cum
509 260 728 314 absorpta
745 260 886 301 fuerit
901 274 1023 302 mors
1041 262 1088 302 in
1105 262 1357 302 victoriam.

195 316 243 355 C.
267 315 434 356 XXXI.
492 317 577 357 Est
593 317 683 358 alia
698 317 873 357 malitia
891 318 996 368 diei,
1017 330 1131 372 quae
1151 318 1322 358 utinam
1338 316 1429 358 suf-

112 372 236 411 ficiat
260 373 318 412 ei.
377 372 622 413 Reficimus
648 373 765 414 enim
785 373 1074 426 quotidianas
1093 374 1247 414 ruinas
1267 386 1427 426 corpo-

109 428 171 468 ris
200 427 376 469 edendo
403 433 448 468 et
469 428 691 479 bibendo,
717 430 977 482 priusquam
1002 442 1131 470 escas
1157 435 1203 469 et
1224 437 1428 470 ventrem

110 484 319 524 destruas
332 514 343 534 ,
368 497 468 525 cum
488 484 712 525 occideris
728 485 1028 539 indigentiam
1044 498 1190 526 meam
1214 486 1427 525 satietate

110 540 322 590 mirifica,
356 546 402 580 et
425 541 721 594 corruptibile
746 539 833 581 hoc
859 541 1062 582 indueris
1086 542 1428 594 incorruptione

110 597 399 650 sempiterna.
453 595 583 637 Nunc
600 602 750 637 autem
768 597 919 637 suavis
939 602 1009 637 est
1025 595 1137 637 mihi
1154 598 1427 638 necessitas·
1419 628 1428 644 ,

111 656 156 692 et
189 652 406 692 adversus
438 652 571 692 istam
595 653 867 693 suavitatem
889 665 1063 717 pugno,
1097 665 1151 693 ne
1178 653 1349 717 capiar3
1383 659 1429 692 et

111 707 424 761 quotidianum
447 708 617 749 bellum
643 720 753 762 gero
772 709 818 748 in
842 709 1046 758 ieiuniis,
1071 709 1253 763 saepius
1271 709 1317 748 in
1335 721 1426 748 ser-

108 764 299 804 vitutem
318 764 532 817 redigens
552 777 716 818 corpus
735 776 902 814 meum,
931 769 976 804 et
994 764 1178 805 dolores
1195 765 1282 804 mei
1302 779 1327 804 v
1333 764 1427 804 olu-

109 824 233 873 ptate
258 820 502 873 pelluntur.
561 819 676 861 Nam
693 819 836 860 fames
857 825 902 860 et
920 820 1020 861 sitis
1040 820 1221 874 quidam
1239 820 1424 860 dolores

110 881 231 916 sunt:
262 881 416 926 urunt,
442 880 488 916 et
504 877 623 917 sicut
639 876 782 917 febris
801 882 983 926 necant,
1002 877 1091 918 nisi
1110 876 1428 918 alimentorum

108 932 335 972 medicina
366 936 614 972 succurrat.
677 932 803 980 Quae
830 933 1042 985 quoniam
1066 937 1250 985 praesto
1277 938 1346 972 est
1370 945 1425 973 ex

111 987 428 1027 consolatione
446 1000 680 1028 munerum
698 993 893 1038 tuorum,
912 988 959 1027 in
977 988 1139 1042 quibus
1159 993 1344 1028 nostrae
1365 988 1426 1028 in-

109 1043 315 1083 firmitati
337 1048 461 1083 terra
483 1048 529 1083 et
545 1056 663 1097 aqua
680 1048 725 1083 et
744 1044 923 1083 coelum
940 1044 1164 1094 serviunt,
1189 1044 1425 1084 calamitas

113 1099 306 1139 deliciae
334 1103 568 1139 vocantur.
611 1099 715 1139 Hoc
733 1111 802 1139 me
823 1099 1036 1149 docuisti,
1072 1105 1122 1139 ut
1139 1100 1427 1154 quemadmo-

109 1155 213 1195 dum
235 1155 586 1204 medicamenta,
613 1155 680 1195 sic
702 1155 917 1195 alimenta
939 1160 1167 1195 sumturus
1197 1155 1424 1196 accedam.

109 1210 200 1251 Sed
227 1211 329 1250 dum
356 1210 413 1250 ad
439 1210 638 1263 quietem
664 1211 889 1251 satietatis
915 1223 971 1252 ex
985 1211 1267 1263 indigentiae
1286 1211 1425 1251 mole-

109 1267 196 1307 stia
220 1272 404 1306 transeo
418 1297 428 1315 ‚
455 1267 501 1306 in
518 1267 618 1320 ipso
638 1267 832 1307 transitu
850 1265 960 1308 mihi
976 1267 1220 1307 insidiatur
1236 1267 1424 1320 laqueus

108 1322 520 1377 concupiscentiae.
580 1322 679 1376 lpse
715 1324 832 1363 enim
864 1324 1082 1363 transitus
1107 1323 1316 1376 voluptas
1341 1330 1425 1372 est,

108 1384 154 1419 et
178 1391 268 1419 non
293 1383 363 1419 est
389 1378 528 1428 alius,
554 1391 641 1432 qua
660 1383 939 1428 transeatur,
970 1391 1058 1432 quo
1081 1380 1276 1419 transire
1303 1380 1428 1432 cogit

107 1437 376 1475 necessitas.
436 1434 496 1474 Et
519 1447 617 1474 cum
643 1435 766 1475 salus
792 1435 852 1475 sit
870 1447 1007 1475 causa
1025 1434 1191 1475 edendi
1211 1440 1256 1475 et
1272 1434 1428 1475 biben-

108 1491 166 1540 di,
181 1491 388 1545 adiungit
402 1503 450 1530 se
465 1496 693 1543 tamquam
707 1490 981 1544 pedissequa
997 1491 1258 1544 periculosa
1273 1491 1428 1530 iocun-

107 1547 242 1596 ditas,
257 1553 302 1587 et
318 1548 581 1600 plerumque
596 1548 774 1599 praeire
791 1553 996 1595 conatur,
1010 1552 1058 1586 ut
1070 1547 1165 1586 eius
1181 1558 1318 1586 causa
1333 1546 1426 1595 fiat,

106 1604 226 1655 quod
253 1603 413 1642 salutis
434 1614 572 1643 causa
587 1614 657 1642 me
680 1601 833 1642 facere
852 1602 926 1642 vel
943 1602 1044 1642 dico
1058 1632 1069 1651 ,
1097 1601 1167 1641 vel
1183 1602 1310 1652 volo;
1343 1613 1426 1640 nec

103 1659 223 1698 idem
251 1659 412 1700 modus
445 1659 680 1711 utriusque
701 1663 784 1698 est.
843 1657 957 1698 Nam
989 1657 1109 1710 quod
1142 1657 1279 1697 saluti
1311 1657 1423 1697 satis

105 1720 196 1764 est,
225 1714 522 1754 delectationi
543 1727 702 1767 parum
727 1718 809 1753 est.
868 1713 927 1753 Et
949 1725 1085 1766 saepe
1110 1713 1332 1752 incertum
1356 1712 1421 1762 fit,

103 1774 252 1810 utrum
276 1769 423 1810 adhuc
445 1770 709 1810 necessaria
727 1770 933 1821 corporis
952 1781 1060 1808 cura
1077 1768 1329 1808 subsidium
1345 1780 1420 1821 pe-

103 1831 191 1875 tat,
228 1838 282 1864 an
315 1825 603 1878 voluptuaria
627 1825 888 1877 cupiditatis
912 1823 1102 1864 fallacia
1120 1824 1422 1864 ministerium

103 1886 328 1935 suppetat.
386 1881 453 1920 Ad
476 1879 563 1920 hoc
586 1881 809 1920 incertum
827 1878 1062 1921 hilarescit
1078 1879 1240 1920 infelix
1257 1880 1420 1928 anima,

104 1938 206 1977 etin
225 1949 279 1977 eo
298 1941 540 1989 praeparat
559 1936 867 1976 excusationis
885 1936 1203 1988 patrocinium,
1217 1936 1419 1989 gaudens

100 2005 190 2033 non
208 1992 448 2045 adparere,
470 1992 577 2045 quid
597 1992 708 2032 satis
728 1992 787 2032 sit
803 1992 1109 2032 moderationi
1126 1991 1418 2040 valetudinis,

99 2054 147 2089 ut
189 2048 378 2088 obtentu
415 2048 574 2087 salutis
616 2047 855 2087 obumbret
888 2049 1122 2101 negotium
1152 2046 1415 2100 voluptatis

99 2105 182 2144 His
202 2104 530 2144 tentationibus
550 2102 756 2156 quotidie
773 2115 915 2143 conor
931 2104 1168 2152 resistere,
1190 2108 1235 2143 et
1251 2104 1414 2142 invoco

98 2161 332 2200 dexteram
348 2164 471 2200 tuam
491 2159 546 2199 ad
565 2159 757 2199 salutem
775 2172 941 2209 meam,
967 2165 1012 2199 et
1030 2158 1086 2198 ad
1103 2163 1148 2198 te
1166 2157 1317 2198 refero
1343 2169 1414 2197 ae-

99 2226 193 2258 stus
226 2228 377 2266 mem,
413 2216 519 2270 quia
551 2215 791 2256 consilium
822 2213 932 2255 mihi
959 2215 1013 2256 de
1037 2213 1120 2255 hac
1143 2227 1191 2255 re
1218 2213 1414 2255 nondum
