1473 2443
111 135 189 176 154
432 134 709 178 AURELII
737 133 1108 177 AUGUSTINI

109 232 160 260 so
179 219 365 274 pocu10‚
386 232 474 272 qua
491 219 685 273 desuper
702 224 845 274 patet,
863 220 1124 273 priusquam
1140 220 1184 259 in
1202 218 1413 272 laguncu-

106 276 197 316 lam
214 276 426 315 funderet
441 287 625 325 merum,
645 276 916 329 primoribus
934 276 1073 315 labris
1093 274 1307 315 sorbebat
1324 274 1414 314 exi-

108 345 265 384 guum,
301 331 406 384 quia
436 343 526 370 non
557 336 738 384 poterat
768 332 957 384 amplius
992 343 1128 371 sensu
1158 334 1413 370 recusante.

106 386 209 428 Non
235 388 353 426 enim
375 386 471 426 ulla
493 387 742 427 temulenta
760 387 968 440 cupidine
987 386 1185 426 faciebat
1202 384 1308 435 hoc,
1335 385 1416 425 sed

109 442 376 496 quibusdam
418 441 795 495 superfluentibus
829 443 991 482 aetatis
1025 441 1310 490 excessibus,
1342 440 1420 494 qui

107 497 296 538 ludicris
328 498 525 538 motibus
560 499 801 548 ebulliunt,
835 504 881 538 et
910 500 956 538 in
979 497 1227 550 puerilibus
1255 496 1417 535 animis

108 555 329 594 maiorum
347 554 547 607 pondere
566 555 708 607 premi
725 554 888 594 solent.
948 554 1103 606 Itaque
1122 552 1178 592 ad
1194 552 1310 592 illud
1326 563 1418 591 mo-

112 609 260 649 dicum
281 609 546 662 quotidiana
563 610 744 650 modica
762 610 970 650 addendo
986 610 1216 662 (quoniam
1236 607 1312 661 qui
1327 618 1420 647 mo-

111 664 214 704 dica
241 666 432 717 spernit,
465 665 681 718 paulatim
707 665 913 715 decidit),
938 665 984 704 in
1008 676 1106 703 eam
1132 662 1420 703 consuetudi-

108 732 212 760 nem
236 720 361 774 lapsa
387 726 503 770 erat,
530 726 576 760 ut
595 734 734 775 prope
757 722 847 760 iam
870 720 1029 773 plenos
1051 731 1176 759 mero
1201 717 1421 759 caliculos

108 774 337 816 inhianter
366 774 581 817 hauriret.
640 777 726 816 Ubi
756 782 864 829 tunc
892 787 1032 829 sagax
1055 787 1185 824 anus,
1220 778 1266 813 et
1288 771 1422 812 vehe-

111 843 237 871 mens
266 831 346 872 illa
377 831 653 884 prohibitio?
683 831 910 884 Numquid
942 830 1123 870 valebat
1153 828 1324 882 aliquid
1347 828 1421 868 ad-

110 899 268 926 versus
288 887 503 927 latentem
520 888 738 937 morbum,
756 888 845 927 nisi.
862 892 940 927 tua
955 886 1194 935 medicina,
1210 884 1422 932 Domine,

111 942 325 995 vigilaret
347 954 481 995 super
503 943 611 983 nos?
641 943 835 983 Absente
855 947 982 995 patre
1002 947 1048 981 et
1062 944 1205 981 matre
1224 944 1269 979 et
1286 940 1424 979 nutri-

111 997 288 1037 toribus
306 1002 355 1037 tu
372 1010 602 1050 praesens,
622 1000 697 1051 qui
716 999 895 1047 creasti,
916 998 991 1050 qui
1008 1009 1165 1047 vocas;
1193 996 1269 1049 qui
1289 995 1423 1034 etiam

112 1064 194 1106 per
217 1055 504 1105 praepositos
531 1052 735 1094 homines
753 1053 863 1093 boni
881 1052 1052 1107 aliquid
1069 1052 1168 1106 agis
1187 1051 1244 1091 ad
1258 1050 1424 1090 anima-

111 1120 211 1148 rum
243 1108 448 1149 salutem.
509 1108 629 1156 Quid
657 1114 765 1148 tunc
795 1108 951 1161 egisti,
973 1107 1099 1147 Deus
1122 1105 1276 1147 meus'!
1296 1105 1424 1146 Unde

116 1163 314 1203 curasti'.t
343 1164 470 1204 Unde
510 1163 706 1204 sanasti'ss
732 1162 894 1204 Nonne
915 1163 1147 1216 protulisti
1187 1162 1345 1201 durum
1380 1165 1425 1200 et

114 1224 294 1259 acutum
319 1231 374 1259 ex
398 1219 542 1258 altera
566 1220 713 1259 anima
731 1220 983 1259 convicium
998 1223 1225 1271 tamquam
1241 1216 1424 1256 medici-

112 1275 214 1314 nale
227 1274 396 1314 ferrum
412 1286 468 1314 ex
483 1275 673 1315 occultis
692 1274 1029 1327 provisionibus
1042 1274 1148 1322 tuis,
1162 1278 1207 1312 et
1223 1284 1311 1312 uno
1330 1273 1426 1312 ictu

111 1330 398 1382 putredinem
415 1330 539 1369 iilam
556 1329 845 1383 praecidistitl
872 1329 1048 1369 Ancilla
1065 1329 1202 1378 enim,
1222 1341 1322 1367 cum
1339 1339 1426 1380 qua

113 1385 293 1425 solebat
311 1385 529 1425 accedere
548 1385 604 1425 ad
623 1398 800 1439 cupam,
825 1385 1010 1438 litigans
1029 1397 1129 1426 cum
1148 1383 1328 1425 domina
1345 1383 1423 1423 mi-

111 1453 245 1492 nore,
269 1445 318 1482 ut
338 1441 404 1491 fit,
428 1440 528 1481 sola
545 1454 644 1481 cum
661 1441 779 1491 sola,
805 1440 974 1482 obiecit
989 1438 1076 1481 hoc
1095 1441 1283 1490 crimen,
1308 1452 1423 1479 ama-

111 1497 294 1538 rissima
323 1496 620 1538 insultatione
642 1509 810 1538 vocans
832 1496 1160 1537 meribibulam.
1222 1495 1321 1544 Quo
1344 1494 1425 1534 illa

113 1554 296 1594 stimulo
322 1566 538 1608 percussa
559 1556 762 1607 respexit
789 1553 1057 1593 foeditatem
1087 1564 1231 1600 suam,
1271 1549 1422 1590 confe-

115 1611 306 1663 stimque
333 1609 577 1659 damnavit,
603 1615 737 1663 atque
757 1610 892 1650 exuit.
954 1607 1105 1648 Sicut
1128 1606 1282 1646 amici
1305 1604 1421 1644 adu-

114 1662 283 1706 lantes
313 1670 645 1719 pervertunt,
678 1666 755 1705 sic
785 1664 989 1704 inimici
1012 1663 1295 1715 litigantes
1318 1660 1421 1714 ple·

111 1732 323 1773 rumque
350 1722 638 1775 corrigunt.
674 1720 770 1762 Nec
786 1725 850 1770 tu,
871 1719 991 1773 quod
1008 1729 1087 1771 per
1106 1729 1185 1757 eos
1207 1716 1320 1770 agis,
1340 1716 1421 1757 sed

113 1776 235 1829 quod
265 1777 353 1828 ipsi
384 1776 644 1826 voluerunt,
677 1776 892 1816 retribuis
917 1775 997 1814 eis.
1055 1773 1141 1813 Illa
1164 1772 1281 1812 enim
1303 1772 1422 1812 irata

114 1832 345 1884 exagitare
370 1831 589 1885 adpetivit
612 1832 831 1872 minorem
853 1830 1097 1879 dominam,
1130 1840 1221 1869 non
1244 1839 1419 1877 sanare,

113 1891 159 1927 et
180 1887 286 1926 ideo
307 1887 536 1937 clanculo,
561 1892 638 1926 aut
662 1888 766 1940 quia
787 1888 852 1926 ita
875 1897 951 1926 eas
976 1885 1211 1925 invenerat
1228 1883 1356 1924 locus
1376 1887 1421 1922 et

111 1948 288 1995 tempus
307 1942 417 1992 litis,
437 1947 513 1982 aut
531 1954 586 1981 ne
604 1941 723 1982 forte
743 1947 787 1982 et
804 1942 902 1994 ipsa
918 1940 1274 1994 periclitaretur,
1299 1938 1419 1991 quod

110 2003 202 2038 tam
219 2010 321 2038 sero
337 1997 629 2051 prodidisset.
660 1999 716 2037 At
732 2005 793 2048 tu,
805 1997 1014 2046 Domine,
1033 2000 1187 2036 rector
1203 1994 1418 2034 coelitum

115 2059 160 2093 et
190 2059 493 2103 terrenorum,
528 2053 584 2093 ad
607 2066 715 2093 usus
738 2057 842 2093 tuos
868 2056 1172 2105 contorquens
1195 2047 1420 2102 profunda

111 2110 350 2159 torrentis,
373 2108 541 2149 fluxum
559 2108 844 2150 saeculorum
867 2108 1079 2147 ordinans
1096 2104 1417 2153 turbulentum,

113 2166 249 2205 etiam
286 2165 341 2205 de
374 2165 562 2205 alterius
595 2165 770 2204 animae
801 2164 978 2203 insania
1009 2160 1179 2203 sanasti
1210 2159 1417 2208 alteram3

109 2232 164 2260 ne
196 2222 451 2275 quisquam,
486 2234 585 2261 cum
609 2219 696 2261 hoc
720 2218 933 2270 advertit,
957 2216 1187 2273 potentiae
1210 2226 1318 2257 suae
1341 2214 1417 2255 tri-
