1473 2443
71 112 138 139 xu
477 96 965 140 ARGUMENTUM.

72 183 111 215 C.
134 187 186 216 12.
236 182 350 216 Amor
376 193 448 215 non
472 181 721 224 improbatur,
755 180 820 213 sed
844 184 1013 224 praestat
1036 193 1136 215 amor
1154 183 1190 215 in
1209 181 1310 221 Deo,
1340 184 1380 215 in

159 241 228 272 quo
245 230 393 272 requies
412 239 479 271 per
494 227 617 260 Iesum
637 226 837 260 Christum.

100 300 108 308 .
132 278 182 309 13.
231 275 347 308 Amor
364 275 492 311 oritur,
511 273 607 317 quod
627 284 691 306 nos
709 271 828 306 allicit
848 274 958 307 decus
977 277 1013 307 et
1032 276 1187 317 species.

101 346 109 354 .
133 325 173 354 14
235 323 291 355 De
310 320 419 353 libris
438 331 527 363 quos
538 320 690 363 scripsit
701 319 745 352 de
762 318 918 362 pulchro
937 323 975 354 et
992 324 1080 364 apto
1093 321 1276 355 dedicatis
1289 321 1377 354 Hie-

156 369 209 401 rio
228 368 402 400 Romano.

101 437 110 446 .
131 417 182 446 15.
232 413 276 446 In
308 412 502 446 scribendo
537 414 706 446 caecatus
740 411 960 453 imaginibus
987 412 1243 456 corporalibus
1268 414 1380 456 spiri-

157 459 294 493 tualem
315 459 386 492 Dei
404 462 571 492 naturam
590 468 810 499 cognoscere
831 460 966 491 omisit.

101 531 108 538 .
131 509 183 540 16.
232 506 343 538 Artes
368 503 544 538 liberales
563 507 600 537 et
617 502 834 538 Aristotelis
853 506 1061 547 categorias
1086 504 1287 544 facillime,
1317 505 1381 538 sed

157 553 235 585 sine
251 563 336 585 vero
355 550 478 585 fructu
494 549 700 584 intellexit.

452 638 655 684 LIBER
687 643 993 693 QmN'rUS.

138 712 289 744 Annum
306 709 445 744 aetatis
461 722 547 744 snae
565 711 715 745 exhibet
736 711 946 746 vicesimum
959 722 1107 752 nonum,
1128 720 1195 755 quo
1215 720 1382 753 comper-

70 757 115 792 tis
137 755 449 790 Manichaeorum
463 756 665 801 fallaciis,
692 758 837 791 Romae
858 763 895 791 et
915 757 1126 791 ‚Mediolani
1156 756 1382 789 rhetoricam

63 802 268 849 professus,
290 802 419 836 medico
438 803 652 844 Ambrosio,
673 804 800 848 coepit
815 804 1038 847 resz‘pz'scere.
1059 800 1351 847 (Pag.62-—79.)

69 850 110 883 C.
133 855 162 883 l.
212 849 381 882 Animam
400 849 530 884 decere
547 848 700 884 laudare
720 851 838 883 Deum
856 851 963 893 eique
981 850 1157 883 confiteri.

68 897 109 929 C.
128 899 161 929 2.
213 897 269 929 De
286 896 451 930 vanitate
469 907 591 930 eorum
603 921 612 936 ,
630 897 693 940 qui
711 897 831 931 Deum
848 897 983 940 ubique
1002 898 1237 940 praesentem
1255 894 1382 928 volunt

159 942 334 983 effugere.

69 989 110 1022 C.
128 993 161 1023 3.
211 988 350 1021 Fausto
376 989 588 1023 doctissimo
607 988 905 1023 Manichaeorum
923 989 1099 1032 episcopo
1118 987 1244 1021 audito
1263 987 1383 1020 Deum

159 1038 345 1068 auctorem
370 1038 407 1069 et
430 1047 552 1069 rerum
576 1038 613 1069 et
636 1036 839 1069 animorum
864 1034 1021 1068 humiles
1055 1035 1215 1067 maxime
1255 1044 1381 1067 curare

156 1080 347 1123 intelligit.

69 1128 110 1162 C.
131 1131 163 1162 4.
213 1126 298 1160 Non
323 1138 443 1160 rerum
467 1128 698 1161 terrestrium
717 1130 754 1161 et
771 1125 984 1161 coelestium
1004 1128 1214 1166 scientiam,
1242 1127 1307 1159 sed
1325 1138 1381 1158 so-

159 1173 231 1207 lius
250 1173 321 1206 Dei
341 1175 590 1215 cognitionem
608 1176 731 1208 beare.

71 1221 111 1254 C.
130 1224 162 1253 5.
209 1221 266 1253 De
300 1219 516 1253 Manichaeo
549 1219 645 1254 falsa
676 1221 920 1264 pertinaciter
953 1220 1107 1253 docente
1140 1223 1177 1252 et
1209 1219 1381 1261 spiritum

160 1269 323 1300 sanctum
342 1267 502 1310 superbe
520 1267 592 1300 sibi
609 1267 832 1301 vindicante.

69 1313 109 1346 C.
128 1314 160 1346 6.
210 1313 374 1346 Faustus
397 1311 546 1354 elegans
572 1314 719 1356 quidem
739 1313 1023 1352 sermocinator,
1049 1313 1113 1345 sed
1132 1322 1270 1354 expers
1289 1310 1381 1343 libe-

161 1357 295 1392 ralium
315 1357 608 1402 disciplinarum.

70 1406 110 1439 C.
132 1407 163 1438 ἵ.
213 1404 512 1438 Manichaeorum
536 1404 700 1440 fallaciis
723 1406 935 1450 perspectis
958 1405 1101 1438 recedit
1126 1405 1169 1438 ab
1189 1404 1254 1443 iis,
1280 1414 1387 1446 egre-

163 1451 221 1493 gie
240 1451 388 1484 adiutus
406 1462 427 1484 a
445 1452 538 1485 Deo.

104 1524 112 1531 .
133 1500 165 1531 8.
213 1497 365 1530 Romam
380 1498 630 1541 proficiscitur
645 1501 760 1532 matre
777 1498 919 1532 frustra
936 1497 1110 1531 eiulante.

105 1569 112 1577 .
132 1546 165 1577 9.
214 1544 329 1577 Febri
348 1547 540 1587 correptus
558 1543 766 1588 periculose
784 1543 939 1578 laborat.

135 1593 188 1623 10.
238 1589 467 1623 Manichaeis
485 1589 626 1624 relictis
644 1592 798 1623 retinuit
816 1601 950 1633 pravas
970 1591 1013 1623 de
1032 1590 1132 1627 Det),
1153 1588 1196 1621 de
1217 1594 1381 1631 peccato,

163 1636 206 1669 de
221 1636 420 1669 servatoris
439 1636 581 1677 origine
599 1638 815 1669 sententias.

104 1708 111 1715 .
134 1687 187 1715 11.
239 1680 440 1724 Helpidius
466 1682 509 1714 de
534 1681 726 1716 authentia
741 1681 789 1715 N.
809 1681 878 1715 Tti
899 1682 993 1714 bene
1022 1681 1228 1724 disputavit
1252 1681 1381 1713 adver-

159 1740 219 1762 sus
238 1727 485 1761 Manichaeos.

105 1800 112 1806 .
133 1779 186 1808 12.
235 1774 460 1807 Rhetoricen
490 1774 627 1808 Romae
667 1775 846 1818 profitens
888 1775 1078 1816 cognoscit
1114 1771 1380 1815 discipulorum

159 1821 338 1854 fraudem.

104 1892 111 1899 .
131 1870 185 1901 13.
235 1867 400 1899 Mittitur
416 1865 686 1907 Mediolanum,
710 1870 752 1901 ut
779 1868 952 1901 docturus
976 1865 1199 1899 rhetoricam
1225 1863 1268 1897 ab
1296 1864 1379 1896 Am-

160 1913 281 1946 brosio
301 1911 530 1954 exploretur.

104 1983 111 1992 .
135 1962 187 1992 14.
236 1959 424 2001 Episcopo
449 1960 577 1992 audito
600 1960 686 1993 fidei
715 1958 930 1993 Catholicae
954 1960 1026 1991 vim
1046 1956 1244 1998 intelligit,
1275 1956 1378 1988 dubi-

161 2008 216 2038 tat
233 2010 354 2038 tamen
371 2016 469 2038 more
487 2007 731 2039 recentiorum
748 2006 1061 2039 Academicorum.

67 276 96 539 0000

70 1498 99 1992 Ona->0000

467 2080 670 2122 LIBER
701 2079 973 2122 SEXTUS.

137 2148 288 2183 Annum
313 2148 451 2183 aetatis
477 2149 698 2183 tricesimum
724 2160 836 2193 age-ns
852 2148 1042 2183 Ambrosii
1057 2147 1286 2182 orationibus
1312 2149 1377 2179 ad-

70 2196 238 2230 monitus
264 2194 484 2230 Catholicae
510 2195 701 2231 doctrinae
725 2194 921 2230 veritatem
944 2195 1065 2240 magis
1083 2194 1271 2237 magisque
1294 2203 1376 2235 per-
