1514 2438
320 130 862 174 CONFESSIONUM
894 130 1102 172 LIBER
1131 129 1269 172 XIII.
1375 131 1454 171 273

122 218 275 268 tuisti,
298 223 350 258 ut
373 218 439 258 sic
463 218 680 268 intretur3
712 229 797 258 nec
820 216 1053 270 magnalia
1076 216 1256 271 quaerit
1272 216 1454 257 mirabi-

121 274 254 323 lium,
289 274 453 327 quibus
490 274 569 313 fiat
592 274 722 314 fides.
782 272 942 327 Neque
969 275 1108 323 enim,
1142 273 1232 313 nisi
1255 273 1387 326 signa
1411 279 1457 312 et

120 330 337 384 prodigia
366 330 550 380 viderit,
584 342 676 370 non
711 330 878 379 credit,
915 341 1015 369 cum
1037 331 1129 369 iam
1155 329 1371 370 distincta
1393 329 1455 369 sit

120 392 248 426 terra
279 386 429 427 fidelis
463 386 518 426 ab
553 387 684 439 aquis
716 386 855 425 maris
884 385 1158 425 infidelitate
1184 386 1372 434 amaris,
1409 390 1456 425 et

116 442 305 496 linguae
327 444 374 482 in
398 442 530 496 signo
557 447 663 482 sunt
685 454 776 481 non
800 441 1035 491 fidelibus,
1070 442 1154 482 sed
1175 441 1453 481 infidelibus.

116 497 216 539 Nee
233 500 323 539 isto
342 499 485 552 igitur
498 511 663 552 genere
681 497 867 547 volatili,
896 498 1017 551 quod
1035 498 1176 538 verbo
1193 502 1274 538 tuo
1287 498 1453 550 produ-

118 561 285 595 xerunt
300 568 460 609 aquae,
491 567 604 607 opus
623 552 764 594 habet
780 559 923 604 terra,
944 567 1077 608 quam
1094 552 1300 594 fundasti
1317 566 1456 607 super

120 623 278 665 aquas.
339 611 536 650 Immitte
568 612 616 651 in
649 623 750 653 eam
782 610 972 651 verbum
1003 616 1130 651 tuum
1162 622 1244 663 per
1266 611 1453 650 nuntios

117 673 239 708 tuos.
303 666 456 720 Opera
479 666 600 706 enim
622 678 781 707 eorum
803 679 1061 717 narramus,
1098 666 1181 707 sed
1203 672 1254 707 tu
1279 679 1349 715 es,
1376 668 1455 720 qui

120 723 327 776 operaris
353 723 399 762 in
419 723 509 773 eis,
536 727 587 762 ut
605 727 853 776 operentur
877 722 1070 763 animam
1087 722 1243 763 vivam.
1310 720 1454 763 Terra

109 778 325 833 producit
347 791 467 829 eam,
495 780 602 833 quia
621 784 749 819 terra
772 791 912 820 causa
930 784 1023 829 est,
1048 784 1099 820 ut
1116 777 1230 819 haec
1250 783 1390 832 agant
1407 779 1454 818 in

119 847 195 885 ea,
222 836 342 875 sicut
365 848 486 876 mure
510 834 599 875 fuit
624 847 782 885 eausa,
809 840 859 875 ut
877 839 1070 890 agerent
1085 834 1263 889 reptilia
1282 834 1449 874 auima-

118 904 217 932 rum
235 890 448 940 vivarum,
470 897 514 931 et
529 890 727 931 volatilia
745 889 1122 946 subfirmamento
1144 890 1265 940 coeli,
1288 892 1451 944 quibus

119 947 211 987 iam
233 952 360 987 terra
375 959 467 987 non
484 946 577 987 indi
585 952 682 1001 get3
716 949 920 1002 quamvis
938 949 1112 1001 piscem
1129 947 1373 988 manducet
1392 947 1454 987 le-

118 1009 273 1044 vatum
308 1003 364 1043 de
400 1002 628 1057 profundo
662 1004 709 1044 in
746 1016 801 1044 ea
830 1016 1010 1054 mensa,
1044 1017 1178 1058 quam
1210 1004 1383 1058 parasti
1407 1004 1455 1042 in

121 1064 374 1112 conspectu
409 1059 709 1100 credentium.
769 1060 879 1101 Ideo
908 1061 1027 1103 enim
1053 1060 1108 1100 de
1132 1059 1362 1114 profundo
1390 1059 1453 1099 le-

118 1120 249 1155 vatus
270 1120 359 1166 est,
378 1120 429 1156 ut
446 1115 541 1156 alat
557 1115 745 1157 aridam.
805 1117 864 1156 Et
883 1130 980 1157 aves
998 1117 1174 1158 marina
1189 1117 1452 1171 progenies,

118 1171 202 1212 sed
235 1178 388 1212 tamen
419 1184 549 1225 super
576 1178 743 1212 terram
771 1172 1134 1227 multiplicantur.
1199 1172 1455 1213 Primarum

120 1228 241 1267 enim
282 1240 447 1268 vocum
487 1229 904 1282 evangelizantium
936 1229 1187 1269 infidelitas
1220 1227 1454 1268 hominum

120 1296 259 1324 causa
278 1284 478 1335 exstitit3
512 1284 595 1324 sed
622 1289 668 1324 et
692 1285 853 1324 fideles
880 1284 1203 1335 exhortantur,
1237 1289 1283 1324 et
1316 1285 1452 1325 bene-

121 1339 335 1382 dicuntur
366 1340 421 1379 ab
459 1340 526 1379 eis
565 1340 884 1393 multipliciter
921 1341 976 1381 de
1011 1340 1084 1380 die
1123 1342 1170 1381 in
1204 1340 1338 1380 diem.
1398 1341 1455 1380 At

117 1407 229 1434 vero
256 1394 406 1434 anima
423 1394 522 1434 viva
550 1395 600 1434 de
619 1401 743 1435 terra
766 1396 930 1436 sumsit
948 1396 1209 1446 exordium,
1236 1398 1343 1449 quia
1362 1409 1454 1436 non

117 1450 311 1505 prodest
327 1451 417 1490 iam
436 1451 525 1491 nisi
543 1450 777 1501 fidelibus,
798 1453 1035 1492 continere
1055 1465 1103 1493 se
1124 1453 1180 1493 ab
1200 1464 1355 1492 amore
1374 1450 1453 1492 hu-

117 1507 190 1547 ius
216 1506 410 1556 saeculi,
433 1512 484 1547 ut
508 1507 659 1546 anima
683 1519 842 1547 eorum
864 1508 951 1549 tibi
969 1509 1112 1558 vivat,
1139 1520 1254 1562 quae
1272 1514 1455 1548 mortua

120 1567 219 1602 erat
241 1563 289 1603 in
308 1562 490 1603 deliciis
508 1563 688 1613 vivens,
716 1562 916 1613 deliciis,
936 1564 1157 1615 Domine,
1176 1563 1452 1615 mortiferis;

118 1631 223 1659 nam
253 1623 310 1659 tu
337 1619 459 1673 puri
500 1618 684 1660 cordis
713 1620 912 1660 vitales
939 1620 1190 1661 deliciae.
1253 1620 1452 1674 Operen-

115 1679 192 1714 tur
216 1687 327 1729 ergo
352 1677 444 1716 iam
468 1676 514 1715 in
538 1681 664 1715 terra
680 1675 879 1716 ministri
895 1677 983 1727 tui,
1008 1690 1100 1717 non
1119 1677 1238 1717 siout
1256 1677 1302 1716 in
1321 1678 1451 1730 aquis

117 1731 408 1772 infidelitatis
442 1731 754 1772 adnuntiando
788 1736 834 1771 et
855 1732 1088 1786 loquendo
1119 1745 1201 1786 per
1231 1733 1454 1773 miracula

118 1791 164 1826 et
182 1792 468 1828 sacramenta
487 1794 532 1828 et
549 1800 688 1827 voces
708 1789 944 1840 mysticas,
956 1790 1036 1830 ubi
1052 1791 1229 1830 intenta
1246 1790 1307 1829 sit
1322 1790 1451 1843 igno-

117 1843 288 1892 rantia,
329 1848 477 1883 mater
508 1844 847 1895 admirationis,
885 1846 931 1885 in
963 1846 1131 1886 timore
1166 1846 1452 1886 occultorum

117 1899 369 1952 signorum.
431 1899 559 1940 Talis
594 1900 714 1940 enim
748 1905 818 1940 est
851 1901 1069 1942 introitus
1103 1901 1161 1942 ad
1182 1902 1319 1942 fidem
1343 1901 1451 1940 filiis

116 1954 259 1994 Adam
286 1953 440 1994 oblitis
465 1957 552 2004 tui,
579 1956 682 1996 dum
709 1956 996 1998 abscondunt
1019 1970 1069 1998 se
1095 1970 1121 1997 a
1143 1956 1262 1997 faeie
1279 1962 1379 2006 tua,
1405 1962 1451 1996 et

117 2009 232 2050 fiunt
264 2010 476 2063 abyssus.
537 2010 629 2051 Sed
662 2018 911 2065 operentur
945 2014 1084 2054 etiam
1108 2016 1228 2054 sicut
1249 2013 1296 2052 in
1320 2013 1450 2052 arida

119 2065 321 2107 discreta
340 2079 366 2106 a
390 2066 650 2120 gurgitibus
675 2069 852 2121 abyssi,
880 2074 926 2110 et
949 2071 1039 2109 sint
1061 2069 1211 2109 forma
1234 2068 1446 2108 fidelibus

116 2122 314 2162 vivendo
356 2135 510 2163 coram
549 2124 638 2170 eis,
682 2129 728 2164 et
761 2126 1004 2166 excitando
1039 2126 1095 2165 ad
1128 2124 1445 2165 imitationem.

120 2176 197 2218 Sic
216 2178 336 2218 enim
352 2190 443 2218 non
461 2182 637 2218 tantum
655 2179 711 2218 ad
731 2182 1027 2230 audiendum,
1053 2181 1134 2221 sed
1152 2180 1288 2220 etiam
1308 2180 1364 2219 ad
1383 2179 1448 2219 fa-

120 2233 333 2274 ciendum
357 2234 560 2274 audiunt.
623 2234 840 2284 Quaerite
858 2237 1124 2286 Dominum,
1150 2241 1195 2277 et
1213 2236 1336 2277 vivet
1355 2236 1445 2276 ani-

171 2300 384 2334 Auoosr.
415 2300 654 2335 Coxrzss.
1074 2292 1102 2332 S
