1473 2443
110 126 187 166 170
439 127 707 169 AURELII
735 128 1096 173 AUGUSTINI

105 208 217 251 mihi
248 215 431 264 praesto
461 216 583 262 sunt,
609 226 744 253 unum
772 215 991 266 exterius,
1025 220 1070 256 et
1092 214 1283 256 alterum
1304 214 1416 256 inte·

105 267 215 306 rius.
277 266 396 315 Quid
429 265 588 307 horum
607 276 696 319 est,
728 270 845 311 unde
871 283 1089 325 quaerere
1112 271 1249 313 debui
1268 271 1416 313 Deum

105 334 274 370 meum,
299 334 431 375 quem
447 323 537 363 iam
555 325 865 378 quaesiveram
882 338 963 380 per
981 339 1144 381 corpus
1163 340 1190 368 a
1204 331 1328 368 terra
1343 340 1415 366 us-

107 389 193 430 que
217 377 274 417 ad
298 378 496 429 coelum,
521 392 755 434 quousque
777 383 901 434 potui
920 384 1101 423 mittere
1119 382 1325 433 nuntios,
1346 394 1415 422 ra-

108 433 209 472 dios
235 433 469 474 oculorum
490 436 719 477 meorum'}
751 436 839 478 Sed
861 438 1043 489 melius,
1069 438 1191 492 quod
1207 438 1414 479 interius.

104 488 161 528 Ei
207 489 370 542 quippe
417 491 736 532 renuntiabant
775 505 931 534 omnes
969 495 1115 534 nuntii
1152 493 1415 548 corporales

104 544 386 598 praesidenti
415 547 694 587 etiudicanti
730 547 784 588 de
816 549 1007 603 singulis
1036 549 1414 604 responsionibus

106 600 228 640 coeli
251 605 296 640 et
317 606 490 652 terrae,
530 608 576 642 et
598 605 792 644 omnium
827 617 940 658 quae
963 605 1010 644 in
1047 606 1113 645 eis
1138 609 1241 646 sunt
1266 606 1416 645 dicen-

103 655 236 695 tium:
268 669 358 697 non
391 670 543 698 sumus
566 657 713 709 Deus,
746 659 827 699 sed
849 660 945 713 ipse
970 659 1082 701 fecit
1104 673 1201 701 nos,
1261 660 1414 700 Homo

102 710 297 751 interior
330 714 547 766 cognovit
578 712 690 754 haec
720 727 801 768 per
833 716 1074 756 exterioris
1096 716 1414 764 ministerium,

104 778 191 820 ego
209 767 402 807 interior
419 770 616 822 cognovi
632 769 763 820 haec,
788 783 895 824 ego,
922 783 1006 824 ego
1027 772 1199 811 animus
1216 783 1298 824 per
1316 782 1415 811 sen-

103 835 180 861 sus
199 825 405 874 corporis
424 826 526 865 mei.
586 825 869 880 Interrogavi
886 827 1039 867 mundi
1055 828 1220 867 molem
1240 827 1294 866 de
1310 825 1411 865 Deo

101 889 219 927 meo,
239 884 285 917 et
301 879 537 932 respondit
553 879 681 921 mihi:
701 893 791 921 non
810 894 895 935 ego
916 896 1028 932 sum,
1049 883 1130 922 sed
1147 883 1244 936 ipse
1261 894 1330 922 me
1349 880 1413 920 fe-

103 932 179 972 cit.
240 932 401 973 Nonne
422 936 648 985 omnibus,
673 937 833 990 quibus
853 938 1031 990 integer
1048 950 1208 978 sensus
1229 941 1319 987 est,
1340 936 1414 975 ad-

100 992 233 1040 paret
264 986 375 1029 haec
399 991 601 1043 species?
632 992 721 1031 Cur
743 1004 833 1032 non
859 993 1065 1034 omnibus
1090 993 1247 1034 eadem
1271 993 1413 1044 loqui-

98 1043 199 1083 turi&
214 1044 435 1085 Animalia
451 1046 617 1099 pusilla
635 1052 680 1087 et
696 1060 860 1101 magna
874 1048 1030 1089 vident
1047 1061 1161 1099 eam,
1180 1048 1261 1089 sed
1278 1048 1415 1087 inter-

98 1110 265 1153 rogare
305 1106 552 1154 nequeunt3
584 1115 674 1143 non
713 1105 831 1143 enim
867 1105 1131 1158 praeposita
1168 1109 1237 1144 est
1266 1105 1314 1144 in
1348 1103 1414 1142 eis

98 1155 409 1196 nuntiantibus
457 1158 664 1198 sensibus
709 1159 847 1199 iudex
886 1160 1020 1200 ratio.
1080 1160 1303 1200 Homines
1340 1171 1413 1197 au-

99 1215 192 1250 tem
223 1217 413 1264 possunt
442 1213 749 1266 interrogare,
784 1219 833 1254 ut
862 1214 1111 1256 invisibilia
1131 1214 1220 1255 Dei
1241 1226 1322 1267 per
1346 1225 1413 1262 ea,

101 1278 218 1319 quae
236 1266 359 1307 facta
375 1272 498 1318 sunt,
523 1269 757 1309 intellecta
774 1272 1130 1325 conspiciantur3
1162 1269 1244 1312 sed
1261 1281 1414 1310 amore

101 1322 355 1362 subduntur
372 1323 459 1373 eis,
486 1329 531 1364 et
547 1325 716 1366 subditi
732 1326 935 1367 iudicare
952 1339 1042 1367 non
1058 1331 1262 1380 possunt.
1321 1324 1416 1365 Nec

100 1379 380 1432 respondent
409 1379 499 1420 ista
527 1381 936 1435 interrogantibus,
969 1383 1058 1423 nisi
1087 1380 1410 1429 iudicantibus,

98 1445 185 1474 nec
214 1446 374 1475 vocem
405 1448 531 1475 suam
552 1442 745 1487 mutant,
778 1438 825 1478 id
850 1443 938 1488 est,
971 1439 1170 1492 speciem
1193 1450 1339 1487 suam,
1373 1436 1412 1476 si

100 1488 216 1529 alius
247 1494 423 1530 tantum
443 1492 615 1541 videat,
650 1493 765 1533 alius
790 1499 938 1534 autem
962 1494 1119 1534 videns
1142 1495 1411 1546 interroget,

100 1549 151 1585 ut
167 1545 302 1585 aliter
323 1546 393 1585 illi
416 1547 652 1601 adpareat,
677 1548 810 1588 aliter
832 1548 954 1600 huic;
986 1550 1068 1590 sed
1092 1549 1252 1590 eodem
1273 1547 1409 1588 modo

99 1601 283 1654 utrique
316 1602 558 1655 adparens,
590 1604 660 1643 illi
682 1610 806 1644 muta
830 1610 918 1654 est,
952 1602 1056 1645 huic
1077 1604 1299 1658 loquitur3
1317 1603 1408 1642 imo

100 1667 209 1695 vero
236 1657 441 1698 omnibus
464 1659 684 1712 loquitur3
718 1660 798 1700 sed
820 1661 888 1700 illi
909 1660 1192 1713 intelligunt,
1217 1658 1293 1712 qui
1311 1658 1408 1698 eius

99 1723 259 1751 vocem
278 1718 509 1766 acceptam
526 1713 639 1755 foris
657 1715 777 1755 intus
803 1728 901 1755 eum
932 1715 1124 1754 veritate
1159 1713 1412 1754 conferunt.

100 1765 286 1807 Veritas
311 1769 431 1808 enim
475 1769 586 1809 dicit
608 1769 737 1809 mihi:
769 1783 859 1809 non
883 1775 954 1810 est
969 1769 1095 1810 Deus
1113 1775 1216 1810 tuus
1236 1769 1413 1809 coelum

103 1827 149 1861 et
171 1827 315 1871 terra,
335 1835 480 1876 neque
506 1837 636 1864 omne
661 1837 839 1879 corpus.
897 1826 1001 1865 Hoc
1026 1825 1138 1865 dicit
1161 1837 1317 1865 eorum
1338 1836 1413 1864 na-

100 1881 204 1917 tura
235 1878 426 1918 videnti:
459 1880 603 1919 moles
638 1885 720 1930 est,
753 1880 896 1921 moles
928 1881 1076 1921 minor
1109 1886 1179 1921 est
1201 1881 1244 1921 in
1268 1883 1412 1934 parte,

102 1945 235 1986 quam
264 1934 310 1972 in
331 1938 448 1974 toto.
508 1934 600 1974 lam
620 1940 670 1975 tu
692 1936 854 1976 melior
878 1948 951 1986 es,
983 1936 1069 1976 tibi
1092 1936 1217 1986 dico,
1249 1935 1411 1982 anima,

101 1988 314 2041 quoniam
342 1993 392 2028 tu
422 1995 610 2043 vegetas
642 1991 807 2031 molem
842 1992 1046 2046 corporis
1069 1993 1155 2041 tui,
1188 1989 1409 2044 praebens

101 2044 145 2083 ei
161 2046 312 2094 vitam,
332 2044 452 2097 quod
469 2045 641 2085 nullum
659 2058 821 2099 corpus
839 2052 1042 2099 praestat
1060 2042 1253 2101 corpori.
1284 2043 1410 2084 Deus

100 2105 249 2139 autem
266 2104 371 2140 tuus
390 2100 525 2140 etiam
541 2101 625 2141 tibi
642 2103 761 2142 vitae
779 2103 873 2142 vita
891 2108 975 2143 est.

184 2155 230 2195 C.
254 2154 349 2195 VII.
412 2155 531 2204 Quid
555 2168 664 2210 ergo
690 2170 812 2208 amo,
839 2171 938 2198 cum
954 2157 1101 2198 Deum
1116 2169 1265 2197 meum
1283 2154 1411 2195 amo?

101 2210 212 2258 Quis
246 2216 315 2251 est
344 2210 424 2252 ille
458 2224 593 2264 super
626 2218 759 2268 caput
780 2214 954 2254 animae
975 2212 1126 2254 mean
1157 2212 1246 2252 Per
1266 2212 1407 2265 ipsam
