1473 2443
90 97 143 136 80
424 94 705 137 AURELII
734 95 1111 138 AUGUSTINI

92 193 210 220 eras,
269 179 327 219 Et
357 180 532 220 invenit
554 192 625 220 me
649 180 983 234 periclitantem
1006 181 1187 235 quidem
1212 181 1409 235 graviter

93 236 416 289 desperatione
434 236 720 290 indagandae
738 237 963 288 veritatis3
985 238 1065 277 sed
1079 242 1230 277 tamen
1250 237 1293 277 ei
1310 250 1410 278 cum

92 292 388 340 indicassem,
423 304 515 331 non
539 304 611 331 me
634 293 815 345 quidem
840 293 927 332 iam
953 305 1054 333 esse
1077 291 1411 343 Manichaeum,

94 347 175 387 sed
193 345 636 399 neque,catholicun1
655 346 975 398 Christianum,
995 361 1100 398 non,
1122 350 1251 402 quasi
1268 349 1411 402 inopi-

94 408 248 442 natum
283 402 456 455 aliquid
488 403 705 452 audierit,
743 404 941 443 exsilivit
974 403 1169 455 laetitia3
1203 417 1303 444 cum
1324 405 1415 444 iam

96 470 258 498 secura
292 458 424 498 fieret
451 470 507 499 ex
531 471 584 498 ea
606 464 734 512 parte
752 460 964 499 miseriae
982 472 1132 508 meae,
1165 460 1211 499 in
1236 472 1324 513 qua
1344 472 1416 500 me

94 519 324 567 tamquam
342 518 591 564 mortuum,
617 514 698 554 sed
715 514 1080 555 resuscitandum
1098 515 1184 555 tibi
1199 514 1353 565 flebat,
1373 520 1420 555 et

94 568 269 609 feretro
285 569 583 621 cogitationis
604 569 838 620 efferebat,
853 576 903 610 ut
921 571 1098 611 diceres
1118 571 1213 611 filio
1232 570 1416 611 viduae:

94 625 292 674 iuvenis,
312 624 396 664 tibi
415 625 534 675 dico,
557 637 711 679 surge3
739 631 784 666 et
799 626 1114 676 revivisceret,
1132 631 1177 666 et
1194 627 1420 680 inciperet

96 681 247 733 loqui,
282 685 328 719 et
350 681 557 720 traderes
582 681 707 721 illum
730 682 866 721 matri
890 692 1016 721 suae.
1062 681 1192 731 (Luc.
1211 683 1251 731 7,
1274 682 1338 722 14.
1358 684 1418 733 s.)

95 735 234 776 Nulla
265 747 375 789 ergo
408 736 672 776 turbulenta
709 737 1015 777 exsultatione
1055 738 1301 791 trepidavit
1339 749 1421 777 cor

98 792 196 831 eius
210 822 220 841 ,
246 804 345 830 cum
370 792 575 832 audisset
599 804 655 833 ex
677 797 805 832 tanta
825 797 954 846 parte
973 793 1063 832 iam
1080 792 1270 844 factum,
1297 793 1421 847 quod

95 847 183 887 tibi
207 847 411 900 quotidie
435 847 684 901 plangebat
704 853 754 888 ut
780 848 928 899 fieret3
961 849 1203 889 veritatem
1219 861 1291 889 me
1308 860 1418 889 non·

98 903 203 942 dum
231 903 464 955 adeptum,
499 903 581 943 sed
604 902 799 944 falsitati
821 904 911 943 iam
936 909 1159 957 ereptum:
1190 905 1282 945 imo
1307 916 1417 944 vero

98 959 204 1012 quia
227 965 353 998 certa
372 964 491 1007 erat,
519 964 564 999 et
582 959 703 1012 quod
718 960 923 999 restabat
939 964 983 999 te
1005 960 1231 1010 daturum,
1258 961 1331 1014 qui
1351 965 1419 999 to-

97 1019 192 1054 tum
216 1015 515 1067 promiseras,
537 1015 847 1067 placidissime
874 1021 919 1055 et
935 1021 1121 1066 pectore
1146 1016 1281 1068 pleno
1307 1016 1417 1055 fidu-

99 1070 446 1123 ciaerespondit
459 1069 584 1119 mihi,
596 1070 782 1110 credere
802 1082 851 1110 se
868 1071 915 1109 in
926 1069 1122 1120 Christo,
1137 1071 1257 1124 quod
1275 1071 1418 1124 prius-

99 1138 232 1178 quam
251 1125 305 1165 de
326 1124 409 1165 hac
427 1126 522 1165 vita
541 1126 805 1179 emigraret,
837 1138 908 1165 me
926 1126 1078 1166 visura
1097 1132 1220 1166 esset
1237 1127 1419 1166 fidelem

100 1179 391 1221 catholicum.
451 1181 510 1220 Et
532 1179 621 1221 hoc
645 1182 827 1234 quidem
848 1180 977 1233 mihi3
1010 1182 1093 1221 tibi
1118 1187 1289 1231 autem,
1314 1181 1418 1222 fons

98 1237 701 1289 misericordiarum,preces
722 1242 767 1276 et
784 1237 994 1276 lacrimas
1015 1237 1328 1287 densiores,ut
1348 1249 1418 1277 ac-

100 1292 329 1332 celerares
360 1292 637 1332 adiutorium
669 1297 795 1332 tuum
827 1297 872 1331 et
892 1292 1175 1332 illuminares
1205 1294 1417 1332 tenebras

97 1360 238 1397 meas,
253 1352 298 1387 et
315 1347 566 1387 studiosius
583 1347 639 1386 ad
653 1347 895 1387 ecclesiam
911 1360 1109 1397 currere,
1122 1353 1166 1387 et
1179 1349 1224 1387 in
1235 1349 1417 1388 Ambro-

97 1404 213 1443 sium
233 1415 314 1443 ora
331 1403 544 1456 suspendi
566 1403 622 1442 ad
639 1402 813 1443 fontem
831 1403 1036 1443 salientis
1057 1416 1199 1456 aquae
1218 1404 1264 1443 in
1282 1405 1419 1444 vitam

97 1464 344 1498 aeternam.
394 1458 634 1512 Diligebat
651 1464 800 1498 autem
818 1459 946 1498 illum
965 1459 1124 1507 virum,
1145 1460 1264 1499 sicut
1282 1471 1417 1513 ange-

96 1516 189 1554 lum
214 1514 324 1563 Dei,
361 1514 482 1567 quod
504 1527 586 1567 per
607 1514 736 1554 illum
761 1520 1043 1567 cognoverat
1063 1527 1133 1554 me
1158 1516 1338 1555 interim
1362 1515 1419 1555 ad

96 1570 223 1609 illam
256 1570 499 1622 ancipitem
533 1568 875 1610 fluctuationem
896 1570 986 1609 iam
1010 1582 1110 1609 esse
1136 1571 1417 1622 perductum,

96 1638 178 1678 per
209 1638 339 1678 quam
371 1626 666 1665 transiturum
694 1637 765 1664 me
790 1625 843 1664 ab
868 1625 1152 1677 aegritudine
1177 1625 1234 1664 ad
1251 1626 1416 1665 sanita-

96 1687 204 1730 tem,
220 1682 554 1720 intercurrente
575 1681 771 1720 arctiore
790 1680 1151 1733 periculo,quasi
1168 1693 1248 1734 per
1266 1693 1416 1721 acces-

101 1736 298 1785 sionem,
324 1748 456 1788 quam
476 1736 680 1775 criticam
698 1735 867 1775 medici
880 1741 1064 1786 vocant,
1091 1742 1217 1776 certa
1233 1748 1416 1790 praesu-

102 1791 269 1830 mebat.

181 1846 228 1885 C.
249 1845 303 1886 II.
362 1846 520 1899 Itaque
546 1858 646 1886 cum
665 1845 721 1885 ad
737 1848 980 1886 memorias
1003 1852 1278 1897 sanctorum,
1299 1848 1417 1888 sicut

97 1903 144 1941 in
160 1901 316 1942 Africa
338 1902 538 1950 solebat,
565 1902 715 1954 pultes
736 1906 781 1940 et
798 1914 957 1954 panem
977 1907 1022 1942 et
1038 1915 1211 1942 merum
1229 1903 1415 1944 adtulis-

99 1962 189 2007 set,
214 1962 348 2010 atque
376 1957 430 1996 ab
455 1957 645 1996 ostiario
669 1955 1003 2009 prohiberetur,
1028 1958 1105 1998 ubi
1129 1957 1216 1998 hoc
1242 1959 1417 2011 episco-

97 2026 204 2066 pum
238 2013 442 2052 vetuisse
478 2013 713 2065 cognovit,
747 2017 839 2051 tam
870 2013 943 2066 pie
977 2018 1113 2066 atque
1148 2014 1418 2054 obedienter

100 2069 309 2120 amplexa
330 2076 420 2117 est,
439 2073 489 2107 ut
505 2069 603 2119 ipse
621 2068 832 2117 mirarer,
855 2081 987 2122 quam
1002 2068 1138 2108 facile
1159 2071 1413 2110 accusatrix

98 2125 251 2177 potius
278 2124 622 2163 consuetudinis
658 2136 787 2171 suae,
814 2136 946 2176 quam
971 2124 1268 2177 disceptatrix
1291 2126 1415 2164 illins

96 2178 421 2233 prohibitionis
441 2178 608 2220 effecta
625 2180 696 2219 sit.
741 2177 831 2232 [Cf.
850 2181 1038 2234 August.
1059 2192 1157 2233 epp.
1178 2183 1243 2221 22.
1262 2187 1307 2221 et
1323 2179 1411 2233 29]
