1473 2443
107 106 161 146 48
420 107 704 149 AURELII
738 108 1110 151 AUGUSTINI

109 203 327 231 coaevum
360 191 472 233 mihi.
498 198 542 233 et
570 192 898 234 conflorentem
928 193 1041 234 ssore
1067 193 1422 234 adolescentiae.

106 247 287 286 Mecum
306 260 416 300 puer
435 254 654 299 creverat,
675 254 720 289 et
735 250 908 302 pariter
924 250 970 289 in
989 249 1193 290 scholam
1209 250 1422 300 ieramus,

103 303 364 355 pariterque
383 303 650 345 luseramus.
710 304 797 346 Sed
816 306 1014 345 nondum
1033 310 1130 346 erat
1146 306 1210 345 sic
1228 305 1397 345 amicus
1410 336 1422 356 ,

108 371 377 411 quamquam
396 371 450 398 ne
469 364 576 399 tunc
594 360 796 414 quidem,
816 362 953 402 sicuti
971 366 1054 411 est,
1073 372 1181 401 vcra
1200 361 1419 412 amicitia3

107 414 215 466 quia
236 426 338 453 non
371 420 455 454 est
486 427 637 465 vera,
668 417 777 456 nisi
813 429 926 456 cum
960 429 1070 456 eam
1102 421 1160 456 tu
1188 417 1421 469 adgluti-

108 482 203 508 nas
234 469 380 509 inter
413 468 769 512 inhaerentes
799 472 901 512 tibi
925 473 1182 523 caritate,
1217 471 1424 512 diffusa

105 525 157 563 in
190 537 213 564 c
230 525 458 565 ordibus
491 527 704 567 nostris
733 538 832 580 per
864 527 1129 582 Spiritum
1162 533 1422 578 sanctum,

107 580 185 633 qui
217 580 347 621 datus
382 586 452 621 est
480 582 627 622 nobis.
688 582 780 624 Sed
804 588 956 623 tamen
981 584 1125 624 dulcis
1152 588 1249 624 erat
1271 584 1423 633 nimis,

108 640 268 675 coacta
298 635 481 676 fervore
506 639 719 690 parilium
743 639 1011 679 studiorum.
1074 639 1187 679 Nam
1212 644 1258 679 et
1284 652 1309 678 a
1334 639 1422 678 fide

105 703 234 740 vera,
268 704 400 744 quam
434 706 524 732 non
556 695 835 747 germanitus
869 700 915 735 et
945 696 1124 748 penitus
1153 695 1422 735 adolescens

103 747 308 797 tenebat,
336 745 610 789 deflexeram
629 762 714 803 ego
735 762 836 789 eum
851 751 898 790 in
921 751 1263 804 superstitiosas
1282 750 1423 791 fabel-

104 803 173 842 las
193 808 240 843 et
254 804 559 855 perniciosas,
579 811 765 858 propter
784 818 893 858 quas
914 806 1159 859 plangebat
1174 819 1244 846 me
1262 811 1421 846 mater.

104 858 286 898 Mecum
305 859 393 898 iam
414 861 595 900 errabat
612 861 657 900 in
677 862 825 901 animo
845 860 979 901 homo
996 862 1096 911 ille,
1124 867 1169 902 et
1184 875 1273 901 non
1294 867 1421 914 pote-

104 919 177 954 rat
193 915 342 954 anima
358 927 460 954 mea
477 916 573 955 sine
591 916 688 957 illo.
743 917 801 957 Et
819 929 924 957 ecce
943 923 1006 967 tu,
1024 918 1262 958 imminens
1284 918 1421 957 dorso

104 969 403 1023 fugitivorum
426 976 628 1022 tuorum,
655 972 780 1012 Deus
804 973 1029 1013 ultionum
1053 979 1098 1013 et
1119 972 1223 1013 fons
1247 974 1422 1013 miseri-

107 1026 366 1065 cordiarum
397 1027 552 1076 simul,
580 1028 657 1080 qui
683 1029 911 1069 convertis
935 1041 1019 1069 nos
1045 1029 1101 1068 ad
1123 1034 1168 1069 te
1186 1029 1312 1070 miris
1329 1040 1422 1069 mo-

106 1081 192 1131 dis,
214 1094 319 1122 ecce
339 1082 570 1122 abstulisti
588 1081 817 1123 hominem
835 1084 890 1124 de
908 1082 993 1124 hac
1010 1085 1117 1134 vita,
1138 1098 1238 1124 cum
1255 1086 1331 1125 vix
1349 1097 1421 1124 ex-

103 1137 326 1191 plevisset
357 1151 520 1179 annum
551 1139 598 1178 in
622 1140 825 1179 amicitia
842 1152 963 1190 mea,
998 1141 1127 1180 suavi
1151 1140 1263 1180 mihi
1288 1152 1423 1192 supra

106 1206 261 1233 omnes
280 1195 530 1235 suavitates
549 1195 672 1235 illius
690 1195 810 1235 vitae
829 1208 972 1236 meae.
1014 1196 1124 1244 Quis
1143 1196 1301 1236 laudes
1322 1201 1422 1235 tuas

105 1255 340 1289 enumerat
350 1263 464 1290 unus
478 1250 524 1291 in
537 1262 586 1290 se
604 1263 694 1291 uno
714 1264 824 1304 quas
845 1256 1057 1305 expertus
1079 1251 1172 1292 est‘.l
1185 1252 1422 1300 Quidtunc

102 1302 273 1354 fecisti,
291 1305 417 1345 Deus
435 1318 578 1356 mem,
602 1311 648 1346 et
664 1319 794 1360 quam
809 1307 1144 1360 investigabilis
1155 1307 1347 1360 abyssus
1357 1307 1421 1346 iu-

105 1359 330 1399 diciorum
353 1362 560 1404 tuoran
592 1362 701 1401 Cum
726 1363 844 1402 enim
861 1363 1094 1403 laboraret
1110 1363 1189 1402 ille
1201 1362 1421 1412 febribus,

101 1415 246 1456 iacuit
263 1417 340 1456 diu
358 1418 455 1457 sine
471 1430 608 1458 sensu
623 1419 671 1458 in
688 1419 855 1459 sudore
874 1419 1016 1461 letali.
1062 1419 1121 1458 Et
1139 1432 1239 1459 cum
1264 1419 1421 1470 despe-

102 1477 302 1521 raretur,
324 1473 583 1526 baptizatus
604 1479 675 1519 est
691 1475 925 1524 nesciens,
950 1486 1021 1514 me
1039 1487 1129 1514 non
1149 1479 1355 1523 curante,
1376 1479 1423 1513 et

101 1535 423 1579 praesumente
446 1529 494 1569 id
510 1529 710 1570 retinere
728 1531 880 1582 potius
900 1531 1092 1569 animam
1111 1531 1228 1580 eius,
1255 1529 1376 1583 quod
1394 1541 1420 1568 a

103 1594 175 1622 me
194 1589 455 1636 acceperat,
475 1598 565 1625 non
584 1586 705 1638 quod
723 1587 769 1625 in
786 1587 1034 1626 nescientis
1054 1597 1246 1638 corpore
1265 1585 1417 1625 fiebat.

102 1637 265 1692 Longe
284 1644 434 1679 autem
452 1640 586 1680 aliter
605 1646 723 1692 erat3
742 1654 844 1680 nam
860 1646 1095 1682 recreatus
1116 1646 1186 1680 est
1205 1645 1251 1680 et
1267 1641 1419 1680 salvus

102 1692 267 1734 factus.
330 1694 582 1750 Statimque
611 1701 661 1735 ut
692 1697 886 1748 primum
919 1709 1019 1736 cum
1052 1708 1105 1735 eo
1138 1696 1267 1750 loqui
1290 1697 1421 1748 potui

103 1749 254 1801 (potui
278 1754 428 1789 autem
452 1763 580 1800 mox,
606 1756 656 1791 ut
677 1752 756 1791 ille
774 1752 942 1803 potuit,
968 1751 1146 1805 quando
1166 1765 1256 1791 non
1275 1751 1418 1792 disce-

104 1805 286 1854 debam,
321 1810 368 1845 et
397 1806 531 1845 nimis
564 1806 869 1859 pendebamus
904 1820 960 1847 ex
980 1808 1215 1857 invicem),
1246 1808 1420 1847 tentavi

105 1861 224 1913 apud
241 1861 368 1900 illum
386 1861 600 1912 irridere,
625 1867 852 1915 tamquam
872 1867 916 1902 et
934 1863 1015 1902 illo
1034 1863 1224 1903 irrisuro
1242 1875 1418 1903 mecum

102 1915 398 1968 baptismum,
430 1929 562 1970 quem
586 1925 826 1970 acceperat
847 1926 997 1959 mente
1022 1923 1156 1972 atque
1181 1931 1318 1958 sensu
1343 1919 1417 1957 ab·

103 1973 411 2022 sentissimus‚
446 1973 527 2012 sed
558 1978 710 2013 tamen
732 1974 822 2013 iam
847 1987 895 2014 se
921 1975 1152 2027 accepisse
1178 1975 1415 2015 didicerat.

103 2029 159 2067 At
190 2027 269 2067 ille
293 2029 360 2068 ita
382 2040 452 2068 me
477 2027 714 2069 exhorruit
736 2035 786 2069 ut
809 2031 1061 2079 inimicum,
1095 2030 1416 2082 admonuitque

102 2083 303 2123 mirabili
321 2088 366 2124 et
381 2085 619 2137 repentina
634 2084 845 2125 libertate
859 2117 868 2135 ,
897 2092 946 2126 ut
964 2087 1003 2125 si
1021 2086 1190 2125 amicus
1207 2097 1308 2125 esse
1326 2085 1417 2124 vel-

103 2139 215 2188 lem,
243 2140 354 2180 talia
372 2140 457 2180 sibi
480 2141 632 2181 dicere
652 2141 921 2182 desinerem.
981 2142 1079 2194 Ego
1100 2149 1249 2180 autem
1268 2146 1415 2193 stupe.-

103 2194 252 2237 factus
277 2201 411 2249 atque
436 2197 641 2237 turbatus
675 2197 831 2238 distuli
852 2209 1006 2238 omnes
1031 2201 1180 2237 motus
1207 2209 1349 2246 meos,
1368 2202 1415 2236 ut
