1473 2443
60 149 141 187 ΞΜ·
377 147 657 187 AURELM
687 146 1058 189 AUGUSTINI

60 245 131 272 ma
152 237 302 271 vestra
323 231 401 277 (Ps
437 231 503 282 69,
524 232 631 282 33.);
664 236 714 271 ut
731 232 954 284 producat
969 239 1089 272 terra
1107 232 1296 273 animam
1315 231 1374 272 vi-

59 295 238 328 veniem.
300 286 456 328 Nolite
491 287 767 327 conformari
794 286 897 327 huic
921 289 1105 328 saeculo
1134 289 1282 338 (Rom.
1310 290 1376 338 12,

59 345 141 394 2.);
176 344 407 384 continete
430 355 511 383 vos
536 344 592 383 ab
617 356 687 383 eo.
747 343 1010 384 Evitando
1035 346 1169 385 vivit
1193 345 1376 393 anima,

58 411 192 452 quae
221 398 522 452 adpetendo
550 400 788 439 moritur.
851 400 1090 440 Continete
1114 413 1196 441 vos
1223 401 1277 440 ab
1296 401 1374 439 im-

57 456 175 494 mani
194 454 377 495 feritate
397 455 651 508 superbiae,
672 455 725 494 ab
746 455 881 495 inerti
899 456 1132 508 voluptate
1152 456 1374 505 luxuriae,

58 517 102 550 et
119 524 145 550 a
165 510 318 550 fallaci
347 513 526 551 nomine
547 511 787 560 scientiae,
813 515 863 550 ut
881 511 970 551 sint
990 511 1150 551 bestiae
1168 524 1374 552 mansue-

57 574 150 615 tae,
181 571 224 607 et
241 579 406 619 pecora
426 567 646 615 edomita,
672 572 717 605 et
733 567 910 607 innoxii
926 574 1156 620 serpentes.
1217 568 1372 607 Motus

58 623 174 661 enim
193 623 369 662 animae
390 628 493 662 sunt
516 623 595 662 isti
613 623 658 661 in
677 622 919 675 allegoria:
953 623 1035 662 sed
1052 622 1197 663 fastus
1218 623 1377 662 elatio-

57 680 146 727 nis,
189 684 234 718 et
261 678 509 718 delectatio
536 677 761 727 libidinis,
787 683 833 718 et
855 690 1076 718 venenum
1097 679 1378 718 curiositatis

55 740 203 773 motus
224 738 328 773 sunt
344 735 519 773 animae
536 738 741 773 mortuae
755 764 765 782 ,
792 734 898 787 quia
914 746 1004 773 non
1020 736 1086 774 ita
1102 735 1308 782 moritur,
1327 738 1378 772 ut

57 790 178 830 omni
220 794 347 829 motu
387 795 560 839 careat3
617 791 831 842 quoniam
878 789 1154 830 discedendo
1190 802 1216 828 a
1247 788 1374 828 fonte

56 846 174 884 vitae
209 846 422 894 moritur,
458 851 592 898 atque
626 847 691 884 ita
725 845 973 897 suscipitur
1004 858 1030 884 a
1052 849 1374 899 praetereunte

58 901 266 950 saeculo,
303 906 347 940 et
371 900 684 941 conformatur
720 901 776 941 ei.
836 901 1037 941 Verbum
1061 906 1211 940 autem
1234 905 1374 949 tuum,

53 955 194 1004 Deus,
211 955 313 995 fons
335 958 452 996 vitae
473 962 687 996 aeternae
708 962 792 1005 est,
809 961 853 996 et
870 969 961 996 non
979 957 1218 1009 praeterit3
1252 955 1375 994 ideo·

56 1024 142 1064 que
166 1012 211 1050 in
237 1012 374 1051 verbo
400 1017 478 1051 tuo
506 1011 746 1052 cohibetur
763 1012 842 1051 ille
863 1012 1114 1062 discessus,
1145 1012 1248 1051 dum
1268 1010 1376 1051 dici-

53 1073 128 1106 tur
145 1067 300 1106 nobis:
329 1067 470 1106 nolite
493 1067 770 1107 conformari
789 1066 892 1106 huie
912 1069 1119 1118 saeculo;
1151 1067 1375 1120 utprodtc·

55 1130 130 1161 cat
159 1128 279 1161 terra
306 1122 353 1161 in
379 1122 506 1162 fonte
533 1124 653 1162 vitae
689 1122 879 1162 animam
902 1122 1133 1172 viventem,
1168 1123 1214 1162 in
1235 1123 1375 1162 verbo

53 1184 132 1217 tuo
156 1189 237 1229 per
257 1178 563 1230 evangelistas
582 1183 686 1217 tuos
709 1178 902 1216 animam
922 1179 1252 1226 continentem,
1280 1178 1376 1217 imi-

54 1233 192 1273 tando
227 1233 483 1273 imitatores
509 1232 680 1272 Christi
702 1233 785 1273 tui.
844 1233 946 1272 Hoc
983 1239 1053 1272 est
1087 1234 1205 1273 enim
1226 1245 1376 1272 secem-

55 1289 154 1328 dum
185 1301 344 1342 genus,
385 1289 598 1341 quoniam
636 1288 882 1328 aemulatio
918 1289 1005 1328 riri
1037 1288 1092 1328 ab
1121 1289 1265 1328 amico
1294 1294 1374 1327 est.

54 1344 230 1394 Estote,
246 1344 407 1396 inquit,
427 1345 545 1383 sicut
567 1356 670 1396 ego,
691 1344 795 1397 quia
813 1348 858 1383 et
877 1356 979 1397 ego,
999 1344 1117 1384 sieut
1136 1356 1230 1383 vos.
1254 1341 1374 1392 (Gal.

55 1401 95 1449 4,
118 1402 204 1449 12.)
257 1399 325 1439 Ita
346 1405 477 1439 erunt
495 1400 540 1438 in
560 1400 709 1439 anima
726 1400 828 1439 viva
846 1399 1005 1439 bestiae
1024 1401 1172 1439 bonae
1188 1400 1235 1439 in
1253 1411 1369 1438 man-

54 1454 295 1496 suetudine
320 1457 528 1495 actionis.
589 1454 819 1495 Mandasti
844 1455 962 1494 enim
982 1455 1157 1495 dicens:
1191 1454 1236 1493 in
1253 1466 1375 1494 man-

55 1511 295 1551 suetudine
323 1523 462 1563 opera
486 1517 562 1550 tua
579 1510 769 1563 perfice,
798 1516 843 1549 et
860 1511 914 1549 ab
935 1510 1056 1550 omni
1076 1509 1255 1550 homine
1275 1508 1375 1548 dili·

56 1569 192 1619 geris.
219 1565 382 1613 (Sirac.
402 1566 440 1614 3,
462 1566 546 1616 19.)
611 1566 840 1618 Etpecora
863 1567 1003 1614 bona,
1028 1577 1175 1618 neque
1199 1565 1237 1604 si
1254 1576 1376 1603 man-

57 1622 335 1670 ducaverint,
356 1622 644 1669 abundantia,
660 1633 808 1674 neque
823 1622 861 1660 si
880 1634 967 1660 non
987 1619 1373 1668 manducaverint,

57 1679 258 1730 egentia3
293 1683 339 1716 et
361 1684 578 1729 serpentes
605 1677 734 1726 boni,
762 1689 851 1716 non
870 1676 1117 1728 perniciosi
1135 1675 1192 1714 ad
1209 1686 1373 1714 noeen-

57 1733 179 1781 dum,
209 1732 288 1771 sed
308 1732 445 1771 astuti
462 1734 518 1772 ad
540 1731 808 1781 cavendum,
829 1736 874 1771 et
890 1736 1062 1770 tantum
1082 1730 1374 1783 explorantes

57 1788 353 1839 temporalem
386 1792 613 1837 naturam,
648 1792 862 1840 quantum
895 1786 1080 1835 sufficit,
1116 1790 1165 1825 ut
1197 1796 1277 1838 per
1302 1796 1372 1835 ea,

56 1855 170 1896 quae
205 1841 327 1881 facta
361 1847 484 1891 sunt,
518 1843 754 1882 intellecta
780 1841 1088 1893 conspiciatur
1109 1841 1372 1881 aeternitas.

58 1898 269 1940 Serviunt
292 1898 408 1936 enim
427 1898 593 1937 rationi
612 1897 724 1937 haee
743 1897 974 1946 animalia,
1000 1909 1099 1936 cum
1117 1909 1143 1936 a
1160 1909 1372 1950 progres-

56 1968 107 1994 su
126 1952 364 1993 mortifero
386 1951 590 1992 cohibita
606 1953 760 1992 vivunt
779 1957 824 1992 et
840 1953 961 1992 bona
979 1957 1095 1992 sunt.

138 2010 184 2049 C.
210 2008 352 2048 XXII.
411 2008 531 2048 Ecce
549 2010 680 2056 enim,
700 2007 895 2047 Domine
913 2007 1038 2047 Deus
1057 2011 1228 2056 noster,
1248 2017 1371 2045 crea-

54 2070 128 2105 tor
166 2069 344 2113 noster,
385 2077 484 2103 eum
523 2062 750 2103 cohibitae
789 2062 958 2102 fuerint
998 2062 1282 2102 adfectiones
1315 2060 1370 2100 ab

55 2132 209 2160 amore
229 2119 423 2168 saeculi,
449 2119 609 2172 quibus
628 2119 933 2158 moriebamur
949 2119 1066 2158 male
1087 2117 1298 2164 vivend0‚
1325 2121 1372 2156 et

55 2177 261 2227 coeperit
294 2187 395 2216 esse
428 2174 575 2214 anima
606 2173 749 2213 vivens
783 2174 898 2214 bene
924 2174 1138 2223 vivendo,
1173 2171 1369 2224 comple-

56 2236 239 2285 tumque
272 2230 413 2272 fuerit
444 2230 628 2271 verbum
660 2234 806 2280 tuum,
847 2229 967 2283 quod
1000 2241 1081 2285 per
1113 2227 1367 2283 apostolum
