1473 2443
36 97 113 135 102
350 94 643 136 AURELII
673 91 1044 136 AUGUSTINI

36 181 81 220 ni
99 180 298 229 solebat,
336 185 381 219 et
405 191 582 229 omnes,
612 180 688 232 qui
711 179 1022 228 audieramus,
1048 177 1261 217 concussi
1285 190 1354 217 su·

34 250 147 276 mus.
211 235 330 284 Quid
358 240 456 274 erat
480 235 562 275 tibi
587 234 765 275 factura
787 236 944 275 nescio
965 247 1079 287 quae
1100 246 1211 287 gens
1230 238 1354 273 tene-

39 293 242 340 brarum,
273 303 403 344 quam
430 302 487 330 ex
510 291 703 331 adversa
724 291 844 331 mole
865 291 1017 330 solent
1036 301 1291 342 opponere,
1318 289 1355 329 si

42 353 94 388 tu
125 360 225 387 cum
253 358 307 386 ea
328 358 532 399 pugnare
555 347 812 387 noluisses'}
843 346 887 387 Si
917 347 1035 385 enim
1059 345 1357 399 respondere-

43 409 139 452 tur,
169 402 343 455 aliquid
361 401 505 442 fuisse
524 403 800 451 nocituram,
826 402 1056 442 violabilis
1075 408 1123 441 tu
1143 406 1188 440 et
1206 413 1357 441 eorru-

44 459 217 513 ptibilis
256 458 397 498 fores.
459 457 507 498 Si
540 463 689 497 autem
723 457 837 497 nihil
870 470 924 497 ea
950 470 1117 497 nocere
1151 458 1358 509 potuisse

46 515 297 564 diceretur,
330 513 456 553 nulla
486 514 743 554 adferretur
776 526 914 554 causa
938 513 1192 566 pugnandi,
1228 518 1274 552 et
1296 513 1360 551 ita

44 570 290 625 pugnandi,
302 575 352 609 ut
369 570 590 623 quaedam
608 571 759 623 portio
778 575 870 618 tua,
892 574 937 608 et
953 569 1200 608 membrum
1218 574 1359 616 tuum,

45 626 118 666 vel
135 626 288 679 proles
309 625 363 665 de
380 626 481 678 ipsa
499 625 754 665 substantia
769 631 849 666 tua
866 626 1137 664 misceretur
1157 624 1360 663 adversis

44 682 351 736 potestatibus
371 687 415 721 et
432 693 523 720 non
544 694 569 720 a
584 686 629 721 te
650 683 815 722 creatis
834 681 1029 729 naturis,
1050 685 1184 732 atque
1202 681 1248 719 in
1265 685 1361 719 tan-

42 747 137 778 tum
164 738 218 776 ab
244 738 310 776 eis
339 743 705 791 corrumperetur
732 743 777 777 et
803 736 1217 776 commutareturin
1239 736 1361 775 dete-

40 795 151 843 rius,
172 798 222 832 ut
240 805 265 831 a
281 793 564 832 beatitudine
584 794 627 832 in
647 794 878 833 miseriam
896 796 1165 841 verteretur,
1186 796 1231 831 et
1248 790 1360 830 indi-

45 854 173 903 geret
196 849 391 897 auxilio,
422 861 509 901 quo
543 850 641 888 erui
666 849 940 902 purgarique
965 852 1142 900 posset:
1177 852 1222 886 et
1247 846 1363 886 hanc

44 917 145 945 esse
160 905 367 953 animam,
383 906 456 943 cui
473 910 576 944 tuus
597 917 745 944 sermo
766 905 983 944 servienti
1002 903 1132 953 liber,
1147 908 1192 943 et
1210 907 1363 943 conta·

42 962 240 1000 minatae
260 973 419 1013 purus,
441 965 485 999 et
502 966 742 1013 corruptae
761 961 941 1013 integer
962 959 1248 1009 subveniret3
1284 957 1364 997 sed

44 1022 90 1056 et
107 1018 203 1068 ipse
225 1017 559 1069 corruptibilis,
586 1018 691 1069 quia
710 1029 765 1055 ex
781 1028 870 1055 una
890 1016 1138 1067 eademque
1160 1015 1365 1054 substan-

41 1073 121 1112 tia.
182 1072 360 1124 ltaque,
390 1073 429 1111 si
453 1079 517 1121 te,
545 1072 764 1124 quidquid
784 1084 852 1121 es,
880 1071 926 1110 id
947 1076 1038 1120 est,
1066 1070 1364 1109 substantiam

42 1134 166 1167 tuam
188 1141 274 1180 qua
294 1140 356 1176 es,
376 1128 770 1180 incorruptibilem
789 1127 1008 1175 dicerent,
1029 1126 1146 1165 falsa
1166 1138 1266 1165 esse
1285 1125 1367 1164 illa

46 1184 198 1222 omnia
232 1189 276 1223 et
309 1183 630 1233 exsecrabilia3
665 1184 705 1223 si
733 1187 882 1222 autem
920 1181 1285 1234 corruptibilem,
1318 1180 1366 1219 id

43 1240 191 1292 ipsum
215 1240 303 1278 iam
322 1238 485 1278 falsum
507 1244 551 1278 et
567 1240 713 1292 prima
728 1251 841 1278 voce
862 1237 1224 1277 abominandum.
1287 1235 1368 1277 Sat

46 1307 158 1348 ergo
183 1301 281 1335 erat
303 1295 425 1335 istud
452 1295 669 1334 adversus
690 1306 770 1334 eos
791 1294 913 1333 omni
929 1293 1065 1333 modo
1088 1292 1365 1333 evomendos

46 1364 72 1390 a
94 1363 310 1404 pressura
333 1352 556 1403 pectoris,
583 1351 689 1403 quia
711 1362 802 1389 non
827 1348 1055 1388 habebant
1077 1361 1165 1401 qua
1190 1348 1368 1388 exirent

46 1408 143 1446 sine
164 1406 376 1447 horribili
395 1407 640 1461 sacrilegio
662 1406 813 1446 cordis
833 1411 879 1446 et
896 1405 1101 1459 linguae,
1125 1403 1364 1444 sentiendo

46 1463 100 1502 de
118 1468 162 1502 te
181 1464 271 1502 ista
289 1468 335 1502 et
351 1463 596 1516 loquendo.

130 1519 176 1558 C.
208 1519 282 1558 ΙΙΙ.
345 1518 437 1559 Sed
455 1525 500 1559 et
519 1532 605 1573 ego
627 1518 795 1570 adhue,
819 1518 1021 1572 quamvis
1039 1517 1366 1558 incontamina-

47 1574 185 1613 bilem
199 1576 665 1624 etinconvertibilem,
681 1582 726 1615 et
740 1575 864 1615 nulla
883 1587 938 1614 ex
956 1579 1083 1627 parte
1101 1573 1363 1613 mutabilem

50 1630 263 1680 dicerem,
278 1630 494 1683 firmeque
509 1632 724 1671 sentirem
735 1631 978 1670 Dominum
997 1634 1199 1668 nostrum
1218 1628 1362 1668 Deum

48 1698 222 1736 verum,
259 1687 334 1739 qui
366 1686 516 1726 fecisti
553 1700 644 1726 non
679 1687 825 1726 solum
851 1686 1020 1724 animas
1048 1690 1249 1734 nostras,
1285 1683 1362 1724 sed

49 1742 186 1781 etiam
213 1754 427 1793 corpora,
454 1754 538 1781 nec
560 1747 733 1781 tantum
753 1742 924 1780 animas
944 1745 1123 1779 nostras
1143 1746 1189 1780 et
1206 1752 1345 1792 corpo

47 1810 118 1847 ra,
147 1798 228 1837 sed
255 1809 409 1837 omnes
438 1803 483 1837 et
507 1798 676 1846 omnia,
704 1810 794 1835 non
812 1796 1020 1836 tenebam
1041 1796 1300 1847 explicitam
1320 1800 1366 1835 et

48 1853 288 1893 enodatam
320 1866 501 1893 eausam
524 1853 645 1892 mali.
708 1853 1027 1904 Quaecumque
1053 1856 1201 1890 tamen
1227 1856 1363 1900 esset,

48 1910 114 1948 sic
141 1922 237 1949 eam
258 1910 562 1962 quaerendam
587 1908 793 1948 videbam
807 1938 817 1957 ,
842 1913 998 1946 utnon
1015 1919 1095 1959 per
1112 1907 1235 1946 illam
1256 1919 1359 1946 con-

48 1965 298 2018 stringerer
320 1964 467 2004 Deum
488 1964 904 2004 incommutabilem
929 1963 1189 2002 mutabilem
1210 1962 1362 2002 crede-

48 2033 110 2069 re,
133 2033 186 2060 ne
206 2021 303 2073 ipse
323 2021 492 2070 fierem,
514 2020 633 2073 quod
654 2019 939 2073 quaerebam.
999 2019 1155 2071 ltaque
1174 2031 1361 2057 securus

49 2088 146 2115 eam
166 2076 458 2129 quaerebam,
484 2082 530 2116 et
549 2081 699 2115 certus
713 2106 723 2125 ,
748 2087 837 2114 non
858 2087 958 2114 esse
976 2087 1130 2114 verum
1152 2074 1271 2126 quod
1292 2073 1362 2112 illi

49 2133 275 2183 dicerent,
308 2145 420 2185 quos
447 2137 546 2172 toto
573 2133 721 2170 animo
747 2130 1000 2183 fugiebam,
1027 2131 1130 2183 quia
1157 2130 1362 2169 videbam

50 2188 364 2243 quaerendo
396 2188 533 2229 unde
568 2187 781 2238 malum,
815 2187 1016 2240 repletos
1051 2186 1240 2235 malitia,
1277 2197 1364 2239 qua
