1473 2443
107 116 191 158 268
433 115 713 158 AURELII
741 116 1111 159 AUGUSTINI

106 208 235 243 catur
250 213 383 241 mare.
416 202 487 241 Tu
501 201 619 241 enim
636 214 688 242 co
696 202 823 242 e‘rces
839 204 975 243 etiam
991 202 1133 241 malas
1149 203 1420 256 cupiditates

106 258 377 308 animarum,
405 261 451 296 et·
472 257 575 310 figis
598 258 767 298 limites
787 271 1022 312 quousque
1040 259 1258 312 progredi
1274 260 1422 299 sinanae

105 320 195 363 tur,
206 318 341 367 atque
357 317 407 353 ut
424 313 469 352 in
481 325 530 352 se
547 315 909 354 comminuantur
919 313 1082 354 fluctus
1096 326 1268 366 earum3
1287 320 1421 370 atque

107 371 172 410 ita
187 368 302 410 facis
322 380 446 409 mare
466 369 625 409 ordine
640 370 819 422 imperii
830 370 898 410 tui
915 382 1050 423 super
1066 371 1228 411 omnia.
1262 372 1318 411 At
1331 371 1423 411 ani-

106 437 203 465 mas
226 425 436 466 sitientes
456 424 563 475 tibi,
585 430 630 465 et
649 426 920 478 adparentes
942 426 1039 476 tibi,
1057 426 1146 466 alio
1166 427 1254 467 fine
1267 426 1423 466 distin-

108 486 204 521 ctas
216 493 244 522 a
258 481 480 522 societate
492 481 644 531 maris,
656 482 836 522 occulto
852 488 896 522 et
909 482 1030 522 dulci
1042 481 1170 523 fonte
1182 484 1363 536 irrigas,
1375 487 1424 522 ut

108 542 154 577 et
171 543 293 577 terra
313 537 390 577 det
406 535 605 576 fructum
616 550 764 587 suum3
786 542 831 578 et
849 538 925 577 dat
942 537 1138 578 fructum
1155 552 1300 589 suum,
1316 544 1362 578 et
1375 543 1422 578 te

104 592 291 634 iubente
306 592 505 633 Domino
518 592 618 634 Deo
634 606 716 633 suo
725 593 1107 647 germinatanima
1117 599 1274 634 nostra
1286 605 1426 647 opera.

104 648 451 689 misericordiae
466 649 699 689 secundum
718 661 877 703 genas,
895 649 1090 703 diligens
1108 651 1364 702 proximum
1379 650 1426 689 in

106 705 324 746 subsidiis
347 705 674 746 necessitatum
691 705 959 755 carnalium,
985 705 1145 745 liabens
1163 704 1210 745 in
1225 719 1268 745 se
1284 717 1428 745 semen

104 760 339 801 secundam
353 759 678 802 similitudinem
686 774 706 810 ;
730 762 944 815 quoniam
960 774 1016 802 ex
1027 766 1184 801 nostra
1192 761 1425 801 infirmita-

104 821 151 857 te
170 817 469 869 compatimur
487 816 545 857 ad
561 817 917 858 subveniendum
933 817 1258 871 indigentibus,
1271 816 1425 856 simili-

104 878 176 913 ter
195 872 493 927 opitulantes,
513 873 892 926 quemadmodum
909 873 1041 914 nobis
1060 873 1277 913 vellemus
1297 883 1427 926 opem

104 927 241 978 ferri,
276 928 318 969 si
350 928 513 968 eodem
540 928 677 968 modo
704 928 1034 982 indigeremus3
1069 941 1160 969 non
1183 933 1358 969 tantum
1379 928 1426 967 in

105 982 342 1033 facilibus,
374 988 604 1037 tamquam
626 986 672 1024 in
696 983 838 1025 herba
863 985 1091 1034 seminali,
1116 984 1199 1024 sed
1222 986 1358 1024 etiam
1380 983 1427 1022 in

105 1040 395 1093 protectione
419 1040 639 1080 adiutorii
663 1038 776 1080 forti
796 1040 987 1089 robore,
1010 1041 1131 1081 sicut
1147 1040 1319 1094 lignum
1337 1038 1425 1079 fru-

106 1094 339 1144 ctiferum,
362 1094 524 1144 idest,
548 1094 822 1136 beneficium
845 1095 904 1136 ad
926 1096 1210 1148 eripiendum
1232 1107 1334 1136 eum
1351 1093 1428 1147 qui

102 1150 317 1192 iniuriam
334 1150 505 1203 patitur
524 1149 579 1190 de
596 1163 731 1190 manu
748 1151 966 1203 potentis,
984 1155 1031 1191 et·
1045 1151 1305 1204 praebendo
1326 1162 1427 1203 pro-

105 1206 321 1247 tectionis
342 1205 652 1246 umbraculum
668 1206 821 1246 valido
841 1206 1007 1247 robore
1024 1207 1135 1246 iusti
1152 1205 1324 1246 iudicii.

190 1261 239 1302 C.
264 1259 427 1302 XVIII.
486 1261 569 1311 Ita,
586 1261 799 1312 Domine,
818 1263 885 1302 ita
904 1274 986 1302 oro
1004 1267 1064 1311 te,
1085 1262 1273 1311 oriatur,
1292 1261 1425 1301 sicuti

105 1317 242 1368 facis,
261 1317 397 1358 sicuti
417 1316 496 1357 das
514 1316 792 1358 hilaritatem
811 1323 856 1358 et
873 1317 1137 1359 facultatem
1149 1348 1159 1368 ,
1180 1317 1353 1356 oriatur
1370 1316 1425 1356 de

104 1380 230 1415 terra
246 1374 433 1423 veritas,
455 1378 500 1413 et
515 1373 694 1413 iustitia
712 1373 767 1414 de
787 1374 918 1414 coelo
940 1374 1172 1427 respiciat,
1192 1377 1237 1412 et
1240 1371 1367 1427 fiant
1381 1370 1426 1411 in

104 1431 385 1485 firmamento
425 1428 674 1469 luminaria.
707 1428 843 1479 (Gen.
863 1431 901 1480 l,
921 1430 986 1470 14.
1006 1432 1087 1480 ss.)
1144 1429 1425 1482 Frangamus

107 1486 329 1526 esurienti
346 1497 510 1539 panem
526 1490 814 1535 nostrum‚‘et
832 1497 1026 1540 egenum
1043 1486 1139 1526 sine
1156 1489 1280 1525 tecto
1298 1482 1424 1524 indu-

107 1555 260 1582 camus
285 1543 333 1582 in
352 1541 533 1581 domum
551 1546 774 1592 nostram3
805 1542 974 1582 nudum
990 1541 1260 1590 vestiamus,
1286 1543 1331 1579 et
1348 1538 1424 1577 do-

105 1598 324 1638 mesticos
344 1597 529 1638 seminis
547 1597 695 1636 nostri
708 1609 799 1637 non
819 1596 1137 1650 despiciamus.
1158 1595 1263 1646 (les.
1282 1594 1351 1644 58,
1362 1595 1423 1644 Ἰ.)

107 1653 282 1702 Quibus
314 1654 363 1692 in
393 1658 519 1692 terra
549 1654 669 1692 natis
694 1651 938 1702 fructibus,
968 1652 1093 1701 vide,
1129 1652 1234 1704 quia
1255 1650 1421 1691 bonum

105 1714 196 1759 est3
229 1714 275 1748 et
292 1714 498 1761 erumpat
515 1712 812 1761 temporanea
828 1708 906 1748 lux
922 1712 1095 1756 nostra,
1116 1712 1161 1746 et
1179 1707 1233 1746 de
1251 1706 1343 1745 ista
1360 1706 1423 1744 in-

100 1764 268 1805 feriori
284 1763 415 1817 fruge
435 1764 629 1804 actionis
641 1764 688 1804 in
706 1763 893 1804 delicias
913 1762 1310 1816 contemplationis
1327 1772 1422 1801 ver-

105 1821 210 1861 bum
234 1820 355 1859 vitae
374 1820 583 1872 superius
602 1820 881 1868 obtinentes,
910 1818 1206 1872 adpareamus
1226 1818 1344 1858 sicut
1359 1816 1419 1856 lu-

104 1874 297 1915 minaria
318 1875 365 1915 in
389 1875 576 1923 mundo,
609 1874 907 1915 cohaerentes
919 1873 1207 1928 firmamento
1233 1873 1420 1924 scriptu-

104 1944 183 1972 rae
202 1937 322 1972 tuae.
382 1930 451 1970 Ibi
473 1932 592 1970 enim
611 1931 848 1971 nobiscum
866 1930 1092 1982 disputas,
1117 1934 1167 1970 ut
1184 1928 1419 1969 dividamus

103 1988 227 2028 inter
248 1985 563 2039 intelligibilia
588 1991 634 2026 et
651 1986 909 2035 sensibilia,
934 1993 1164 2040 tamquam
1179 1984 1294 2024 inter
1312 1982 1422 2022 diem

108 2050 151 2083 et
188 2049 379 2092 noc-tenu
416 2041 490 2081 vel
528 2042 649 2082 inter
681 2042 853 2081 animas
889 2042 1002 2082 alias
1035 2039 1420 2093 intelligibilibus,

108 2099 222 2139 alias
245 2096 539 2139 sensibilibus
565 2097 763 2147 deditas;
794 2102 845 2136 ut
861 2098 951 2137 iam
970 2110 1059 2137 non
1075 2102 1124 2137 tu
1141 2096 1266 2137 solus
1282 2096 1329 2135 in
1347 2093 1420 2133 ab·

111 2154 205 2194 dito
240 2153 582 2194 diiudicationis
604 2158 733 2202 tuae,
767 2154 884 2192 sicut
908 2158 1012 2193 ante
1042 2166 1173 2206 quam
1195 2152 1326 2191 fieret
1349 2151 1419 2189 fir-

108 2214 403 2260 mamentum,
423 2207 586 2249 dividas
603 2208 719 2250 inter
736 2209 871 2249 lucem
892 2215 936 2249 et
953 2209 1165 2259 tenebras,
1188 2206 1269 2247 sed
1286 2207 1419 2246 etiam
