1473 2443
98 83 176 123 106
420 85 701 126 AURELH
730 87 1101 131 AUGUSTINI

93 179 225 221 quam
268 168 363 221 ipse
404 181 495 208 non
535 169 821 223 condiderat,
867 173 1159 216 adiuvaretur
1204 178 1407 219 materia.

93 223 226 263 Talia
257 224 495 264 volvebam
526 231 711 278 pectore
743 228 933 280 misero,
966 231 1252 284 ingravidato
1288 236 1407 274 curis

91 279 451 319 mordacissimis
492 280 546 320 de
585 282 749 323 timore
785 287 968 335 mortis,
1017 291 1063 326 et
1097 300 1187 327 non
1223 290 1407 329 inventa

91 336 297 375 veritate.
361 334 597 377 Stabiliter
626 342 776 379 tamen
799 338 1018 382 haerebat
1045 344 1092 382 in
1123 344 1260 383 corde
1287 357 1404 395 meo,

89 391 136 430 in
177 389 405 430 catholica
443 391 641 433 ecclesia
670 395 783 435 fides
818 394 988 437 Christi
1022 400 1109 448 tui,
1142 398 1328 440 Domini
1361 407 1407 440 et

91 444 342 486 Salvatoris
367 449 534 498 nostri,
558 449 605 488 in
627 450 780 490 multis
806 452 986 505 quidem
1009 452 1156 494 adhuc
1177 454 1401 505 informis,

90 506 137 540 et
164 506 348 554 praeter
381 503 616 544 doctrinae
650 518 853 546 normam
885 506 1088 559 fluitans3
1139 511 1219 550 sed
1253 518 1400 551 tamen

90 568 189 596 eam
205 570 295 597 non
313 557 600 612 relinquebat
616 563 812 613 animus,
837 564 927 604 imo
951 565 998 604 in
1023 565 1120 605 dies
1143 568 1288 619 magis
1313 580 1401 607 1116-

89 614 250 666 gisque
268 614 533 655 imbibebat.

172 669 218 708 C.
250 668 326 709 Vl.
387 670 479 709 lani
508 673 642 711 etiam
677 671 1099 716 mathematicorum
1121 675 1309 717 fallaces
1337 678 1399 718 di·

85 724 341 764 vinationes
376 731 421 764 et
439 728 575 778 impia
605 728 905 769 deliramenta
926 732 1190 772 reicceram.
1252 734 1398 773 Confi-

84 784 267 818 teantur
293 782 427 821 etiam
454 780 556 821 hinc
581 784 664 822 tibi
690 784 743 823 de
762 786 933 825 intimis
951 788 1202 828 visceribus
1222 791 1395 829 animae

82 845 211 874 meae
236 837 554 877 miserationes
577 842 705 889 tuae,
730 839 856 880 Deus
883 853 1024 883 meus.
1085 845 1155 883 Tu
1182 846 1321 894 enim,
1346 850 1395 884 tu

86 892 268 930 omnino
297 892 417 939 (nam
446 895 545 945 quis
570 894 685 934 alius
711 907 737 934 a
752 901 899 936 morte
919 899 1063 938 omnis
1081 901 1249 940 erroris
1267 912 1395 940 revo-

85 950 158 985 cat
175 959 274 995 nos,
293 949 382 987 nisi
399 950 504 997 rita,
519 962 633 1001 quae
650 952 767 991 mori
784 954 945 1002 nescit,
966 958 1011 992 et
1029 956 1264 1008 sapientia,
1274 968 1392 995 111611-

81 1005 151 1040 tes
170 1002 428 1055 indigentes
447 1004 719 1055 illuminans,
736 1007 859 1047 nullo
878 1009 1089 1062 indigens
1107 1010 1290 1060 lumine,
1311 1025 1397 1065 qua

80 1057 273 1097 mundus
314 1059 658 1100 administratur
688 1074 831 1116 usque
867 1064 921 1103 ad
956 1065 1167 1105 arborum
1200 1067 1397 1107 volatica

80 1109 247 1164 foliassl)
280 1118 329 1153 tu
348 1117 607 1167 procurasti
623 1119 907 1169 pervicaciae
926 1132 1069 1170 111666,
1091 1134 1178 1174 qua
1196 1123 1396 1162 oblucta-

79 1172 153 1208 tus
180 1181 278 1207 sum
300 1168 587 1221 vindiciano,
613 1177 747 1213 acuto
768 1176 887 1223 seni,
916 1179 960 1214 et
977 1175 1219 1226 Nebridio,
1244 1179 1394 1218 adole-

80 1225 229 1263 scenti
250 1226 471 1266 mirabilis
498 1228 692 1268 animae:
726 1229 796 1269 illi
813 1228 1107 1271 vehementer
1124 1233 1394 1283 adfirmanti,

79 1275 185 1318 huic
196 1291 295 1319 cum
309 1280 592 1322 dubitatione
604 1285 783 1336 quidem
796 1285 960 1339 aliqua,
972 1288 1049 1327 sed
1069 1292 1217 1328 tamen
1234 1290 1393 1329 crebro

80 1333 269 1385 dicenti,
303 1349 391 1376 non
417 1349 519 1377 esse
542 1339 667 1379 illam
689 1338 868 1394 [ullam]
893 1348 1033 1381 artem
1053 1342 1206 1383 futura
1222 1346 1394 1397 praevi-

77 1390 232 1442 dendi3
252 1393 537 1433 coniecturas
556 1400 705 1434 autem
725 1394 953 1436 hominum
973 1396 1139 1439 habere
1158 1412 1292 1453 saepe
1306 1402 1393 1439 rim

76 1448 236 1496 sortis,
268 1451 313 1486 et
335 1448 477 1488 multa
501 1450 694 1491 dicendo
721 1452 811 1492 dici
834 1453 1050 1507 pleraque
1074 1460 1282 1505 ventura,
1318 1468 1392 1495 ne-

77 1503 329 1543 scientibus
349 1505 414 1544 eis
435 1506 510 1557 qui
529 1506 748 1558 dicerent,
770 1510 851 1548 sed
869 1510 914 1548 in
935 1521 1096 1549 canon
1114 1512 1307 1551 tacendo
1326 1512 1390 1551 in-

77 1559 379 1600 currentibus.
439 1559 705 1603 Procurasti
730 1576 839 1616 ergo
869 1569 919 1603 tu
937 1563 1163 1606 hominem
1181 1568 1387 1617 amicum,

75 1624 165 1651 non
197 1615 377 1667 quidem
412 1627 596 1669 segnem
621 1619 928 1659 consultorem
950 1619 1388 1672 mathematicorum,

73 1679 158 1707 nec
178 1681 253 1709 eas
272 1670 429 1710 literas
447 1672 562 1712 bene
583 1673 927 1724 callentem,sed
949 1677 1016 1724 (ut
1035 1677 1146 1726 dixi)
1159 1678 1390 1717 consulto-1

73 1734 167 1762 rem
202 1727 451 1776 curiosum,
486 1732 531 1766 et
562 1733 711 1768 tamen
745 1732 963 1769 scientem
995 1731 1185 1785 aliquid,
1219 1734 1337 1786 quod
1362 1745 1388 1773 a

73 1784 201 1831 patre
228 1794 309 1820 suo
335 1793 383 1820 se
409 1783 590 1823 audisse
618 1783 816 1834 dicebat,
844 1786 962 1839 quod
983 1792 1196 1839 quantum
1213 1789 1388 1828 valeret

73 1835 131 1874 ad
152 1836 276 1875 1111115
301 1838 410 1877 artis
441 1839 701 1889 opinionem
721 1841 1009 1881 evertendam
1027 1844 1282 1896 ignorabat.
1341 1844 1383 1883 Is

73 1902 183 1944 ergo
217 1893 285 1931 vir
312 1894 494 1933 nomine
516 1893 762 1945 Firminus,
796 1895 1047 1937 liberaliter
1075 1900 1309 1940 institutus
1341 1906 1386 1938 et

73 1947 281 1986 excultus
308 1948 512 2002 eloquio,
539 1962 639 1989 cum
662 1962 731 1990 me
754 1956 981 2005 tamquam
1026 1953 1309 1995 carissimum
1328 1955 1382 1994 de

73 2003 340 2056 quibusdam
374 2006 467 2044 suis
491 2005 648 2055 rebus,
681 2007 727 2045 in
752 2020 860 2060 quas
885 2011 1131 2049 saecularis
1156 2023 1258 2064 spes
1285 2012 1382 2051 eius

70 2060 365 2108 intumuerat,
400 2061 681 2111 consuleret,
716 2063 819 2115 quid
852 2062 963 2104 mihi
994 2065 1239 2106 secundum
1262 2079 1380 2115 51165,

71 2127 180 2167 quas
192 2115 567 2156 constellationes
586 2117 830 2170 adpellant,
843 2120 1089 2170 videretur3
1110 2133 1195 2174 ego
1215 2128 1378 2171 autem,

71 2171 145 2223 qui
169 2171 258 2210 iam
283 2170 337 2210 de
362 2168 444 2212 hac
467 2183 516 2212 re
538 2173 585 2212 in
607 2172 816 2214 Nebridii
837 2177 1108 2216 sententiam
1131 2178 1255 2220 flecti
1278 2190 1378 2218 coe·
