1514 2438
267 135 798 180 CONFESSIONUM
826 137 1031 180 LIBER
1060 138 1196 181 VIII.
1317 141 1394 181 129

64 220 209 262 facta
244 227 327 263 est
353 225 671 265 necessitas.
733 224 908 274 Quibus
934 225 1065 276 quasi
1087 224 1261 266 ansulis
1285 226 1391 266 sibi-

67 283 161 318 met
173 279 352 321 innexis
369 280 507 330 (unde
527 285 734 321 catenam
752 281 999 335 adpellavi)
1016 282 1206 322 tenebat
1220 294 1292 322 me
1313 282 1390 322 ob-

65 335 275 375 strictum
295 336 407 377 dura
425 337 637 377 servitus.
696 336 922 378 Voluntas
942 343 1093 378 autem
1109 350 1248 389 nova,
1273 351 1390 392 quae

64 389 177 430 mihi
200 403 300 432 esse
327 397 565 446 coeperat,
589 399 641 433 ut
661 397 707 433 te
732 394 875 447 gratis
896 394 1117 445 colerem,
1141 393 1324 449 fruique
1342 401 1389 435 te

64 447 246 496 vellem,
261 447 404 499 Deus,
420 449 521 489 sola
534 454 660 489 certa
673 450 948 500 iucunditas,
963 450 1164 490 nondum
1178 456 1277 491 erat
1292 451 1389 492 ido-

66 515 154 542 nea
187 503 244 543 ad
276 506 581 559 superandam
614 506 813 558 priorem
827 511 1077 558 ,vetustate
1109 507 1389 548 roboratam.

64 559 136 599 Ita
159 559 274 600 duae
298 561 559 602 voluntates
582 574 733 612 meae,
755 575 847 602 una
864 568 1015 612 vetus,
1040 563 1132 602 alia
1147 576 1287 613 nova,
1309 564 1393 603 illa

67 615 284 667 carnalis,
309 618 391 658 illa
415 618 659 671 spiritalis,
685 617 995 672 confligebant
1016 619 1137 659 inter
1159 632 1229 669 se,
1255 625 1391 674 atque

67 672 375 714 discordando
395 674 680 728 dissipabant
698 674 892 715 animam
908 687 1068 716 meam.
1132 674 1206 716 Sic
1224 676 1391 716 intelli-

66 728 230 782 gebam
244 730 290 769 in
302 742 372 770 me
387 730 488 783 ipso
509 731 822 784 experimento
841 731 889 771 id
908 731 1030 785 quod
1046 731 1265 786 legeram,
1282 745 1391 787 quo-

64 784 200 825 modo
222 799 325 826 caro
346 786 674 840 concupisceret
689 787 892 827 adversas
910 786 1131 840 spiritum,
1152 795 1195 828 et
1211 789 1391 842 spiritus

66 841 269 881 adversus
288 855 477 882 carnem.
499 842 669 892 (Galat.
689 843 729 893 5,
751 844 837 894 17.)
882 843 982 897 Ego
1003 844 1186 898 quidem
1203 845 1249 884 in
1267 851 1391 885 utro-

67 909 174 949 que3
208 899 290 938 sed
311 899 458 952 magis
483 911 570 952 ego
603 900 650 938 in
670 911 745 948 eo,
772 899 894 953 quod
911 900 957 940 in
974 912 1046 941 me
1065 901 1390 954 adprobabam‚

67 966 201 1007 quam
224 955 270 994 in
294 967 371 1004 eo,
398 955 520 1008 quod
537 956 583 994 in
601 967 672 995 me
689 955 1018 1009 improbabam.
1077 957 1145 996 lbi
1164 957 1285 998 enim
1300 970 1392 997 ma-

66 1010 137 1063 gis
156 1010 247 1049 iam
264 1023 355 1051 non
375 1023 481 1065 ego3
512 1011 618 1065 quia
637 1023 692 1051 ex
708 1024 875 1065 magna
890 1017 1020 1066 parte
1038 1013 1085 1053 id
1102 1014 1310 1067 patiebar
1327 1014 1392 1053 in-

64 1067 201 1115 vitus,
222 1079 355 1120 quam
371 1066 595 1107 faciebam
612 1067 786 1109 volens.
825 1067 916 1109 Sed
931 1074 1084 1109 tamen
1102 1070 1389 1110 consuetudo

64 1122 283 1163 adversus
298 1135 369 1163 me
384 1124 637 1177 pugnacior
652 1136 709 1164 ex
721 1136 792 1164 me
809 1123 934 1165 facta
952 1130 1064 1175 erat,
1081 1127 1296 1179 quoniam
1313 1140 1390 1166 vo-

62 1179 162 1218 lens
183 1192 272 1232 quo
291 1180 463 1219 nollem
480 1192 791 1233 perveneram.
847 1181 906 1221 Et
925 1182 1025 1235 quis
1043 1182 1142 1222 iure
1163 1182 1390 1223 contradi-

63 1240 209 1285 ceret,
245 1248 345 1275 cum
376 1242 643 1289 peccantem
674 1237 797 1277 iusta
826 1249 977 1291 poena
1008 1238 1303 1291 sequeretur?
1333 1239 1393 1278 Et

62 1304 153 1331 non
173 1296 273 1331 erat
288 1292 380 1332 iam
397 1293 479 1332 illa
497 1294 734 1333 excusatio
747 1324 757 1343 ,
784 1306 873 1347 qua
888 1294 1037 1334 videri
1054 1294 1166 1334 mihi
1183 1295 1391 1335 solebam

64 1352 308 1402 propterea
328 1348 530 1388 nondum
546 1361 617 1388 me
637 1355 868 1389 contemto
889 1350 1075 1389 saeculo
1096 1352 1269 1390 servire
1288 1350 1388 1400 tibi,

63 1404 170 1457 quia
185 1404 362 1444 incerta
378 1403 490 1443 mihi
509 1409 632 1444 esset
649 1405 885 1459 perceptio
905 1406 1134 1446 veritatis:
1158 1407 1250 1446 iam
1270 1407 1389 1447 enim

62 1460 226 1513 etipsa
244 1465 370 1499 certa
389 1466 499 1500 erat.
558 1461 658 1513 Ego
680 1466 832 1501 autem
849 1459 997 1502 adhuc
1014 1466 1138 1502 terra
1157 1462 1387 1516 obligatus

60 1516 259 1556 militare
273 1516 360 1556 tibi
374 1517 656 1566 recusabam,
674 1523 719 1556 et
734 1517 1071 1570 impedimentis
1091 1519 1301 1559 omnibus
1321 1519 1387 1558 sic

62 1572 280 1612 timebam
315 1573 543 1626 expediri,
580 1573 959 1626 quemadmodum
991 1575 1204 1628 impediri
1225 1575 1386 1615 timen-

62 1628 167 1669 dum
192 1634 276 1669 est.
336 1629 405 1668 Ita
426 1630 607 1669 sarcina
630 1630 824 1680 saeculi,
854 1630 981 1670 velut
1002 1643 1162 1671 sonmo
1189 1631 1384 1680 adsolet,

60 1685 256 1725 dulciter
270 1686 528 1738 premebar3
550 1691 595 1725 et
609 1686 933 1739 cogitationes,
949 1686 1112 1740 quibus
1130 1687 1386 1728 meditabar

58 1741 105 1780 111
122 1747 189 1791 te,
214 1742 387 1782 similes
412 1747 541 1782 erant
565 1743 806 1783 conatibus
832 1743 1093 1797 expergisci
1114 1743 1382 1793 volentium,

61 1798 138 1850 qui
166 1803 318 1838 tamen
347 1799 551 1853 superati
575 1799 756 1852 soporis
781 1799 1024 1839 altitudine
1046 1804 1381 1854 remerguntur.

57 1853 116 1892 Et
130 1853 249 1893 sicut
261 1867 392 1895 nemo
411 1860 495 1905 est,
512 1856 588 1909 qui
606 1855 805 1895 dormire
825 1868 1004 1910 semper
1020 1856 1147 1906 velit,
1164 1856 1382 1896 omnium-

60 1921 146 1963 que
171 1923 282 1950 sano
300 1911 472 1951 iudicio
491 1911 686 1964 vigilare
704 1917 909 1965 praestat
927 1911 1105 1962 (differt
1120 1918 1271 1952 tamen
1291 1912 1381 1964 ple-

56 1977 246 2019 rumque
272 1965 408 2007 homo
436 1980 642 2007 somnum
668 1973 902 2018 excutere,
931 1981 1031 2009 cum
1049 1969 1201 2023 gravis
1220 1974 1381 2022 torpor

57 2021 103 2061 in
128 2023 341 2063 membris
368 2028 457 2073 est,
489 2035 680 2076 eumque
704 2025 794 2064 iam
818 2025 1137 2078 displicentem
1161 2026 1306 2078 carpit
1328 2025 1378 2064 li-

56 2077 237 2119 bentius
251 2111 261 2129 ,
303 2080 507 2134 quamvis
541 2081 759 2133 surgendi
795 2086 972 2134 tempus
1005 2081 1283 2131 advenerit):
1315 2082 1380 2120 ita

58 2139 231 2174 certum
246 2134 483 2186 habebam,
499 2147 600 2176 esse
614 2136 775 2176 melius
789 2142 894 2177 tuae
908 2138 1090 2178 caritati
1104 2149 1175 2178 me
1195 2137 1377 2186 dedere,

58 2201 192 2242 quam
208 2205 338 2233 meae
359 2193 599 2245 cupiditati
619 2192 797 2233 cedere.
846 2193 935 2233 Sed
954 2194 1067 2233 illud
1085 2193 1309 2247 placebat,
1331 2197 1378 2232 et

53 2246 282 2300 vincebat3
316 2248 404 2289 hoc
422 2249 615 2300 libebat,
641 2253 687 2288 et
702 2249 944 2290 vinciebat.
1004 2248 1107 2290 Non
1126 2246 1244 2290 ehim
1263 2254 1376 2299 erat,

109 2308 331 2346 AUGUST.
357 2312 597 2347 CoNrnss.
1013 2305 1034 2345 Ῑ
