1473 2443
56 114 110 153 50
378 114 671 157 AURELII
698 115 1075 160 AUGUSTINI

54 204 127 239 tus
147 211 220 239 res
239 212 393 240 amara
411 205 495 249 est,
516 205 561 240 et
576 213 684 254 prae
701 200 891 242 fastidio
908 215 1075 253 rerum,
1087 203 1249 257 quibus
1260 205 1385 257 prius

54 253 332 306 fruebamur,
354 262 400 295 et
416 261 523 306 tunc
544 256 648 296 dum
666 257 720 297 ab
740 258 806 297 eis
827 257 1139 309 abhorremus,
1161 260 1387 301 delectatss

139 312 187 351 C.
212 311 293 351 Vl.
358 311 477 359 Quid
503 317 654 352 autem
677 314 767 353 ista
792 313 984 367 loquor?
1013 314 1117 355 Non
1138 316 1255 355 enim
1273 325 1385 356 tem-

52 380 135 419 pus
162 368 413 420 quaerendi
436 380 555 407 nunc
582 374 671 418 est,
699 369 780 409 sed
807 370 1052 410 confitendi
1080 371 1177 411 tibi.
1237 372 1382 412 Miser

53 434 199 472 eram,
221 428 266 462 et
288 423 453 463 miser
479 428 563 463 est
588 425 758 464 omnis
784 425 993 466 animus
1017 427 1235 468 vinctus
1261 429 1379 467 ami-

52 478 190 517 citia
227 491 407 518 rerum
438 480 773 529 mortalium,
814 486 865 520 et
896 482 1222 533 dilaniatur,
1264 496 1379 523 cum

51 545 142 574 eas
162 535 395 584 amittit,
416 539 467 574 et
490 539 618 575 tunc
649 535 823 576 sentit
847 538 1140 588 miseriam,
1168 551 1268 591 qua
1291 540 1378 578 mi-

50 601 137 629 ser
162 596 246 629 est
272 595 323 630 et
350 595 642 643 antequam
668 592 887 633 amittat
914 605 1020 633 eas.
1055 593 1131 634 Sic
1150 606 1236 648 ego
1257 607 1379 634 eram

46 646 127 685 illo
147 650 376 699 tempore,
396 651 441 686 et
462 645 627 687 flebam
646 647 952 699 amarissime,
973 654 1018 688 et
1033 650 1380 702 requiescebam

46 702 93 741 in
121 702 439 742 amaritudine.
499 702 570 742 Ita
591 704 733 743 miser
757 715 903 754 eram,
930 710 975 744 et
992 703 1214 745 habebam
1232 707 1377 746 cario-

46 769 141 796 rem
179 758 261 797 illo
307 759 452 798 amico
485 770 588 798 meo
622 760 759 799 vitam
798 760 944 813 ipsam
975 761 1202 802 miseram.
1263 761 1376 801 Nam

47 814 250 865 quamvis
278 826 376 853 eam
394 820 569 854 mutare
587 816 750 855 vellem
764 847 773 865 ,
806 816 974 855 nollem
993 822 1143 856 tamen
1164 818 1373 858 amittere

45 870 192 922 magis
213 882 344 922 quam
362 871 506 910 illum.
552 870 611 910 Et
628 873 784 912 nescio
797 903 807 923 ,
828 884 883 911 an
901 872 1066 911 vellem
1083 872 1157 911 vel
1174 886 1255 925 pro
1274 873 1372 922 illo,

47 926 166 964 sicut
195 925 249 964 de
279 925 441 966 Oreste
469 932 515 965 et
538 925 714 979 Pylade
738 927 957 978 traditur,
990 929 1030 968 si
1056 940 1147 968 non
1173 929 1373 981 ringitur,

47 982 123 1034 qui
147 981 321 1021 vellent
342 994 424 1034 pro
444 982 660 1032 invicem,
685 985 759 1023 vel
778 983 913 1024 simul
935 985 1076 1033 mori,
1103 984 1210 1037 quia
1226 990 1372 1024 morte

45 1038 174 1089 peius
205 1038 270 1076 eis
301 1044 400 1078 erat
424 1051 515 1077 non
541 1039 676 1078 simul
701 1040 869 1080 vivere.
931 1039 1022 1080 Sed
1047 1040 1094 1079 in
1117 1052 1188 1080 me
1214 1041 1371 1080 nescio

46 1093 146 1145 quis
182 1093 390 1133 adfectus
425 1094 558 1133 nimis
591 1093 696 1134 huic
729 1096 987 1135 contrarius
1023 1100 1149 1135 ortus
1177 1101 1294 1146 erat3
1329 1103 1374 1136 et

44 1149 247 1188 taedium
271 1150 452 1189 vivendi
473 1151 634 1190 eratin
652 1163 722 1190 me
744 1151 1063 1204 gravissimum
1082 1156 1127 1191 et
1144 1152 1373 1191 moriendi

43 1210 205 1245 metus.
270 1205 441 1257 Credo,
463 1218 551 1259 quo
573 1207 719 1259 magis
738 1208 867 1247 illum
887 1207 1113 1257 amabam,
1140 1219 1195 1246 eo
1223 1209 1371 1260 magis

43 1266 261 1310 mortem,
291 1274 404 1314 quae
429 1261 541 1301 mihi
564 1274 666 1301 eum
692 1263 966 1311 abstulerat,
993 1267 1223 1315 tamquam
1248 1268 1368 1302 atro—

44 1316 274 1356 cissimam
294 1318 527 1357 inimicam
555 1317 741 1358 oderam
767 1324 813 1359 et
835 1318 1074 1369 timebam3
1109 1323 1154 1358 et
1178 1330 1277 1358 eam
1302 1330 1370 1358 re-

42 1377 178 1424 pente
213 1378 550 1413 consumturam
577 1386 734 1414 omnes
760 1373 968 1414 homines
992 1373 1229 1426 putabam,
1265 1375 1371 1426 quia

42 1428 169 1467 illum
194 1429 359 1481 potuit.
421 1428 496 1469 Sic
515 1441 639 1469 eram
658 1430 865 1479 omnino,
890 1430 1090 1469 memini.
1152 1430 1272 1469 Ecce
1293 1442 1372 1469 cor

41 1496 205 1533 meum,
218 1484 343 1524 Deus
363 1497 513 1535 meus3
534 1497 640 1525 ecce
661 1485 780 1526 intus
798 1486 918 1535 vide,
934 1486 1040 1538 quia
1053 1485 1252 1535 memini,
1266 1497 1369 1539 spes

41 1552 163 1588 mea,
184 1541 260 1593 qui
278 1553 349 1580 me
368 1541 558 1580 mundas
578 1554 603 1580 a
620 1542 779 1581 talium
798 1541 1111 1581 adfectionum
1129 1541 1367 1580 immundi-

41 1595 119 1644 tia,
137 1596 344 1650 dirigens
358 1597 520 1636 oculos
539 1609 666 1636 meos
687 1597 744 1636 ad
761 1602 822 1647 te,
839 1602 884 1637 et
903 1597 1103 1636 evellens
1126 1596 1180 1636 de
1201 1597 1366 1648 laqueo

39 1651 180 1703 pedes
205 1664 348 1691 meos.
408 1652 613 1691 Mirabar
638 1653 757 1691 enim
777 1658 986 1692 caeteros
1009 1651 1228 1692 mortales
1246 1653 1366 1691 vive-

39 1719 107 1755 re,
136 1708 243 1760 quia
265 1707 344 1746 ille
371 1720 503 1760 quem
531 1708 662 1760 quasi
688 1720 779 1747 non
802 1709 1072 1747 moriturum
1097 1707 1363 1758 dilexeram,

38 1769 242 1802 mortuus
264 1768 381 1813 erat,
403 1768 448 1802 et
464 1775 534 1802 me
554 1763 722 1816 magis,
743 1763 849 1815 quia
864 1763 934 1802 illi
952 1763 1068 1802 alter
1088 1775 1224 1812 eram,
1245 1764 1364 1803 vive-

39 1831 86 1857 re
113 1818 195 1857 illo
224 1824 405 1858 mortuo
432 1819 643 1858 mirabar.
702 1818 848 1858 Bene
882 1818 1096 1871 quidam
1130 1819 1276 1859 dixit
1299 1820 1361 1859 de

38 1875 211 1913 amico
240 1887 358 1914 suo:
379 1874 661 1914 dimidium
691 1874 897 1914 animae
929 1887 1092 1914 meae.
1141 1873 1255 1914 Nam
1271 1887 1358 1928 ego

36 1930 160 1969 sensi
193 1930 388 1969 animam
418 1942 564 1969 meam
599 1935 644 1968 et
673 1929 867 1969 animam
898 1930 1023 1969 illius
1056 1942 1190 1969 unam
1214 1929 1358 1970 fuisse

35 1986 229 2024 animam
256 1986 303 2025 in
331 1985 508 2025 duobus
536 1985 826 2038 corporibus3
860 1986 1028 2025 etideo
1046 1984 1157 2025 mihi
1177 1984 1358 2025 horrori

35 2046 133 2081 erat
149 2042 259 2091 vita,
276 2041 382 2093 quia
399 2041 609 2081 nolebam
630 2041 843 2080 dimidius
861 2042 1029 2089 vivere,
1047 2047 1093 2081 et
1108 2041 1213 2081 ideo
1234 2040 1355 2081 forte

32 2098 149 2137 mori
174 2097 452 2146 metuebam,
479 2109 534 2136 ne
553 2102 676 2135 totus
694 2096 773 2136 ille
792 2103 1067 2146 moreretur,
1092 2109 1222 2148 quem
1244 2097 1354 2136 mul-

33 2160 125 2192 tum
151 2165 420 2193 amaveram.
485 2151 575 2205 [Cf.
596 2152 795 2192 Retract.
817 2155 856 2202 2,
877 2151 937 2205 6.]

116 2210 162 2248 C.
190 2208 286 2249 Vll.
321 2208 357 2248 Ο
384 2209 657 2249 dementiam
684 2208 962 2249 nescientem
992 2208 1185 2262 diligere
1212 2207 1351 2249 homi-
