1514 2438
288 108 819 151 CONFESSIONUM
847 108 1054 151 LIBER
1084 110 1166 151 XI.
1312 109 1394 149 2t'29·

60 208 179 236 nunc
192 199 296 235 ante
310 207 381 236 me
401 200 489 246 est3
507 208 610 236 nam
629 196 666 236 si
687 201 824 247 esset,
837 201 1043 237 tenerem
1064 209 1179 246 eum,
1197 200 1243 235 et
1258 208 1393 249 roga-

59 264 157 292 rem
170 264 287 302 eum,
301 257 347 292 et
359 264 441 305 per
453 257 499 292 te
521 252 827 303 obsecrarem,
843 258 892 293 ut
909 252 1023 294 mihi
1039 255 1130 293 ista
1147 252 1390 306 panderet3

60 314 107 348 et
130 307 400 362 praeberem
423 320 556 349 aures
573 312 781 363 corporis
796 310 887 350 mei
902 310 1028 350 sonis
1049 309 1390 363 erumpentibus

59 376 118 406 ex
136 376 216 404 ore
236 365 349 405 eius.
407 364 468 404 Et
484 365 523 405 si
539 364 757 406 Hebraea
772 378 886 407 voce
904 366 1174 420 loqueretur
1186 396 1197 416 ,
1219 364 1394 405 frustra

61 420 269 475 pulsaret
285 433 468 462 sensum
478 433 645 472 meum,
660 434 745 463 nec
758 423 865 463 inde
879 424 1078 463 mentem
1095 434 1244 462 meam
1262 421 1392 475 quid-

63 489 199 530 quam
212 482 442 531 tangeret3
464 480 502 518 si
518 484 670 519 autem
688 478 870 530 Latine,
888 481 1054 520 scirem
1072 479 1182 533 quid
1201 479 1391 519 diceret.

63 533 156 574 Sed
173 533 292 574 unde
327 536 512 584 scirem,
546 548 602 575 an
620 547 776 576 rerum
795 536 997 577 diceret?
1030 535 1164 584 Quod
1184 536 1223 575 si
1242 540 1287 575 et
1304 533 1392 574 hoc

62 591 248 640 scirem,
271 604 378 630 num
395 590 451 630 ab
468 591 550 631 illo
571 592 763 632 scirem?
792 593 918 633 Intus
937 593 1095 646 utique
1113 590 1244 640 mihi,
1270 592 1394 631 intus

61 647 108 686 in
142 646 377 688 domicilio
399 648 697 701 cogitationis
721 661 807 690 nec
829 649 1067 698 Hebraea,
1093 659 1178 688 nec
1199 647 1394 696 Graeca,

60 714 147 743 nec
166 702 354 753 Latina,
378 715 464 744 nec
485 704 683 746 barbara
709 707 880 746 veritas
906 707 1004 746 sine
1032 705 1124 745 oris
1145 710 1191 744 et
1208 704 1394 758 linguae

62 759 269 813 organis,
294 761 393 800 sine
412 763 608 815 strepitu
628 762 910 816 syllabarum
929 762 1124 802 diceret:
1156 772 1315 800 verum
1331 760 1395 799 di-

63 817 145 867 cit3
181 820 228 856 et
252 828 339 870 ego
365 818 521 857 statim
545 823 698 858 certus
723 818 1010 858 confidenter
1032 817 1103 857 illi
1122 815 1297 857 homini
1313 823 1394 856 tuo

62 871 284 913 dicerem:
320 885 478 914 verum
497 874 626 914 dicis.
689 874 801 915 Cum
824 887 935 928 ergo
953 875 1081 915 illum
1102 875 1396 927 interrogare

61 941 156 969 non
169 930 358 982 possim,
370 935 431 979 te,
447 942 535 984 quo
548 931 709 985 plenus
722 943 833 972 vera
850 932 981 982 dixit,
992 932 1180 980 veritas,
1196 942 1312 983 rogo
1332 935 1396 979 te,

62 984 189 1026 Deus
203 997 347 1035 meu3‚
357 997 497 1040 rogo:
516 999 652 1040 parce
663 990 868 1041 peccatis
877 989 1011 1039 meis3
1032 991 1077 1028 et
1091 988 1167 1041 qui
1177 986 1250 1027 illi
1262 998 1396 1026 servo

63 1046 144 1082 tuo
174 1041 345 1082 dedisti
362 1040 479 1083 haec
500 1043 677 1095 dicere,
713 1045 771 1086 da
789 1049 836 1086 et
851 1043 964 1085 mihi
981 1043 1097 1084 haec
1112 1044 1394 1097 intelligere.

150 1097 197 1138 C.
222 1097 299 1139 IV.
356 1098 479 1140 Ecce
498 1105 602 1141 sunt
622 1102 803 1143 coelum
822 1106 868 1142 et
883 1105 1027 1153 terra3
1056 1100 1255 1142 clamant
1273 1100 1397 1154 quod

62 1153 189 1195 facta
222 1156 332 1195 sint:
363 1160 599 1197 mutantur
632 1159 752 1200 enim
784 1164 922 1213 atque
944 1159 1192 1198 variantur.
1256 1156 1396 1205 Quid-

66 1211 175 1264 quid
193 1216 346 1252 autem
362 1211 535 1254 factum
551 1225 644 1254 non
664 1219 754 1266 est,
791 1220 837 1255 et
851 1219 1004 1254 tamen
1025 1218 1114 1263 est,
1148 1225 1242 1253 non
1261 1213 1397 1253 estin

65 1279 120 1307 eo
156 1267 424 1322 quidquam,
456 1270 580 1323 quod
606 1276 710 1311 ante
733 1283 825 1311 non
845 1275 960 1311 erat:
997 1269 1120 1324 quod
1139 1275 1210 1309 est
1227 1270 1399 1309 mutari

65 1328 202 1377 atque
234 1325 418 1365 variari.
480 1326 689 1366 Clamant
722 1329 880 1377 etiam,
931 1326 1055 1379 quod
1088 1337 1138 1365 se
1169 1325 1272 1378 ipsa
1302 1337 1396 1365 non

62 1379 281 1420 fecerint:
311 1380 422 1420 Ideo
449 1394 626 1432 sumus,
668 1383 774 1436 quia
802 1381 928 1423 facta
951 1395 1127 1431 sumus3
1161 1393 1253 1420 non
1280 1393 1391 1435 ergo

68 1448 269 1485 eramus,
302 1441 407 1476 ante
427 1449 560 1490 quam
579 1450 804 1488 essemus,
823 1442 874 1478 ut
892 1438 994 1478 fieri
1010 1449 1250 1492 possemus
1271 1449 1297 1476 a
1313 1449 1393 1477 no-

64 1492 151 1532 bis.
203 1492 262 1531 Et
278 1504 369 1532 vox
388 1492 638 1534 dicentium
658 1499 729 1534 est
745 1495 845 1548 ipsa
864 1493 1109 1535 evidentia.
1171 1494 1243 1533 Tu
1261 1505 1390 1547 ergo,

64 1547 286 1598 Domine,
325 1547 483 1589 fecisti
516 1561 589 1600 ea,
630 1551 709 1604 qui
726 1549 918 1603 pulcher
952 1562 1022 1600 es,
1060 1548 1253 1604 pulchra
1286 1555 1393 1590 sunt

66 1606 205 1656 enim3
244 1605 322 1658 qui
348 1605 496 1646 bonus
524 1618 596 1656 es,
628 1606 750 1647 bona
773 1611 879 1647 sunt
903 1607 1043 1656 enim3
1077 1607 1155 1660 qui
1178 1618 1250 1656 es,
1285 1611 1393 1647 sunt

65 1662 200 1701 enim.
261 1659 359 1702 Nec
376 1662 442 1701 ita
458 1661 652 1715 pulchra
670 1667 794 1714 sunt,
828 1674 914 1703 nec
931 1664 997 1702 ita
1013 1662 1136 1703 bona
1153 1667 1278 1713 sunt,
1303 1674 1389 1703 nec

64 1719 130 1757 ita
148 1722 273 1768 sunt,
293 1719 412 1758 sicut
429 1723 480 1758 tu
499 1719 714 1760 conditor
732 1731 911 1769 eorum,
931 1720 1005 1760 cui
1022 1724 1287 1772 comparata
1303 1731 1389 1758 nec

62 1772 254 1827 pulchra
271 1779 390 1824 sunt,
408 1786 493 1814 nec
510 1776 633 1816 bona
649 1780 769 1826 sunt,
787 1787 873 1815 nec
891 1781 1009 1816 sunt.
1057 1774 1234 1816 Scimus
1254 1774 1387 1824 haec3

64 1829 237 1882 gratias
256 1831 357 1870 tibi.
416 1830 481 1870 Et
505 1833 740 1873 scientia
766 1836 955 1872 nostra
978 1833 1241 1872 scientiae
1260 1838 1386 1872 tuae

65 1891 376 1939 comparata
400 1888 714 1940 ignorantia
743 1893 837 1928 est.

148 1941 196 1982 C.
214 1940 269 1982 V.
333 1941 433 1991 Quo
448 1944 584 1986 modo
605 1950 757 1985 autem
773 1944 929 1985 fecisti
947 1943 1127 1985 coelum
1141 1949 1187 1984 et
1201 1948 1386 1993 terram,

65 2003 111 2038 et
136 2011 250 2052 quae
274 1996 486 2039 machina
501 2007 593 2040 tam
611 2001 798 2055 grandis
820 2002 1102 2055 operationis
1120 1999 1253 2040 tuaest
1283 1998 1388 2039 Non

65 2054 185 2093 enim
209 2056 328 2095 sicut
350 2053 487 2095 homo
509 2056 678 2097 artifex
694 2056 898 2098 formans
917 2069 1082 2110 corpus
1103 2056 1156 2096 de
1176 2067 1386 2108 corpore,

63 2110 288 2151 arbitratu
320 2111 496 2151 animae
527 2113 722 2153 valentis
755 2114 991 2166 imponere
1015 2121 1259 2165 utcumque
1287 2123 1386 2164 spe-

64 2165 203 2217 ciem,
238 2180 371 2221 quam
395 2169 541 2207 cernit
567 2170 615 2208 in
639 2171 902 2222 semetipsa
918 2171 1098 2209 interno
1120 2167 1269 2207 oculo.
1330 2167 1388 2206 Et

59 2221 181 2262 unde
206 2221 294 2263 hoc
311 2223 508 2274 valeret,
542 2224 635 2265 nisi
653 2226 759 2278 quia
774 2230 824 2265 tu
841 2224 996 2265 fecisti
1016 2237 1110 2264 eam
1122 2224 1139 2264 ’ζ
1170 2223 1227 2263 Et
1245 2225 1386 2278 impo-

116 2284 337 2320 Auensr.
367 2287 607 2321 Cosrnss.
1006 2280 1042 2319 Ο
