1473 2443
72 137 152 177 2536
383 135 660 176 AURELII
690 135 1058 177 AUGUSTINI

70 224 153 263 bus
173 220 338 261 faciem
355 226 506 261 terrae
525 221 756 271 decorari3
790 219 1158 276 hominemque
1186 222 1247 262 ad
1269 223 1386 262 ima-

72 280 249 332 ginem
270 282 320 317 et
343 276 757 317 similitudinem
782 286 919 317 tuam
939 279 1148 317 cunctis
1175 279 1387 318 irratio-

73 334 288 374 nalibus
317 331 678 373 animantibus
710 334 825 384 ipsa
858 339 947 372 tua
975 334 1205 387 imagine
1237 347 1295 374 ac
1325 335 1390 375 si-

71 389 393 438 militudine,
440 387 535 428 hoc
576 394 674 437 est,
718 389 950 429 rationis
995 394 1045 429 ct
1082 390 1391 444 intelligen-

71 446 183 485 tiae
209 446 410 484 virtute
435 444 717 497 praeponi:
752 449 796 483 et
821 446 1198 497 quemadmodum
1224 447 1270 485 in
1294 448 1391 486 eius

72 503 222 541 anima
244 501 368 540 aliud
392 506 479 549 est,
506 500 628 553 quod
647 501 926 540 consulendo
949 501 1227 552 dominatur,
1251 502 1390 552 aliud,

73 556 194 610 quod
218 557 445 605 subditur,
479 562 529 595 ut
555 556 856 609 obtemperet3
889 557 955 596 sic
977 559 1074 597 viro
1099 557 1267 598 factam
1289 570 1391 598 esse

74 614 211 653 etiam
230 612 533 665 corporaliter
550 611 782 661 feminam,
808 624 922 665 quae
942 611 1129 653 haberet
1149 614 1330 666 quidem
1347 615 1394 653 in

73 673 222 709 mente
247 668 485 708 rationalis
504 668 839 720 intelligentiae
859 681 1014 720 parem
1030 674 1255 719 naturam,
1280 682 1394 709 sexu

73 730 224 764 tamen
271 724 478 776 corporis
515 725 581 764 ita
616 723 867 763 masculino
907 726 1034 764 sexui
1076 725 1395 775 subjiceretur,

77 779 456 833 quemadmodum
479 779 719 819 subiicitur
740 779 969 832 adpetitus
993 781 1186 821 actionis
1211 781 1268 820 ad
1291 793 1395 821 con-

79 835 335 888 cipiendam
355 835 408 874 de
428 837 607 875 ratione
625 837 790 875 mentis
810 840 935 875 recte
956 837 1122 889 agendi
1140 837 1392 877 solertiam.

77 891 297 930 Videmus
317 890 429 930 haec
448 896 494 931 et
512 891 693 944 singula
709 891 845 941 bona,
866 897 911 931 et
930 893 1081 932 onmia
1097 893 1218 932 bona
1234 891 1381 932 valde.

163 947 210 986 C.
236 946 444 986 XXXIII.
504 946 716 986 Laudent
745 952 788 986 te
824 959 964 1000 opera
994 952 1092 998 tua,
1126 953 1176 988 ut
1197 960 1397 988 amemus

79 1008 144 1052 te3
179 1006 224 1041 et
246 1014 446 1042 amemus
469 1007 538 1051 te,
564 1008 614 1041 ut
636 1003 823 1042 laudent
843 1008 887 1042 te
908 1016 1048 1056 opera
1065 1009 1162 1054 tua,
1188 1016 1303 1058 quae
1322 1002 1398 1043 ha-

78 1057 188 1097 bent
205 1057 385 1097 initium
405 1062 450 1097 et
467 1058 600 1097 finem
620 1062 918 1111 extempore,
940 1064 1086 1099 ortum
1106 1065 1150 1099 et
1170 1073 1398 1109 occasum,

79 1111 337 1166 profectum
355 1117 399 1152 et
418 1112 660 1162 defectum,
681 1115 878 1166 speciem
899 1124 944 1153 et
960 1115 1274 1166 privationem.
1307 1115 1399 1155 Ha-

78 1170 188 1209 bent
220 1179 330 1222 ergo
365 1169 694 1222 consequentia
722 1182 851 1209 mane
879 1175 924 1209 et
946 1183 1203 1223 vesperam,
1237 1172 1400 1224 partim

79 1224 298 1273 latenter,
336 1225 499 1276 partim
540 1224 789 1266 evidenter.
848 1225 918 1265 De
951 1225 1094 1266 nihilo
1129 1227 1246 1266 enim
1279 1239 1305 1266 a
1337 1232 1398 1276 te,

80 1292 171 1320 non
189 1280 244 1320 de
263 1285 307 1319 te
327 1280 448 1321 facta
467 1285 590 1330 sunt3
619 1293 707 1320 non
729 1280 783 1320 de
803 1281 956 1334 aliqua
973 1294 1061 1321 non
1081 1287 1173 1332 tua,
1192 1282 1265 1321 vel
1283 1294 1397 1335 quae

79 1341 214 1376 antea
230 1334 382 1385 fuerit,
399 1336 480 1376 sed
498 1335 552 1375 de
572 1341 830 1385 concreata,
849 1337 895 1376 id
915 1342 998 1386 est,
1018 1337 1152 1377 simul
1170 1350 1195 1377 a
1210 1342 1256 1377 te
1278 1349 1399 1377 crea-

78 1392 345 1441 ta-·materia,
366 1392 472 1445 quia
490 1392 587 1432 eius
606 1391 932 1432 informitatem
951 1393 1049 1433 sine
1070 1393 1164 1432 ulla
1179 1393 1399 1445 temporis

77 1448 430 1501 interpositione
469 1446 694 1487 formasti.
753 1447 868 1488 Nam
901 1461 1000 1488 cum
1034 1448 1156 1489 aliud
1189 1449 1248 1489 sit
1281 1449 1401 1488 coeli

79 1508 124 1543 et
142 1508 293 1543 terrae
311 1504 546 1552 materies,
572 1503 695 1543 aliud
714 1504 833 1544 coeli
852 1509 897 1543 et
912 1509 1063 1544 terrae
1083 1505 1283 1557 species,
1309 1517 1399 1544 ma-

77 1559 240 1599 teriem
264 1559 445 1612 quidem
472 1559 527 1599 de
555 1559 736 1599 omnino
765 1558 929 1608 nihilo,
958 1561 1111 1600 mundi
1131 1565 1281 1599 autem
1301 1572 1398 1612 spe-

78 1615 195 1654 ciem
219 1614 274 1654 de
300 1614 486 1654 informi
508 1615 719 1664 materia,
745 1615 879 1655 simul
902 1621 1052 1655 tamen
1079 1621 1315 1668 utrumque
1335 1614 1398 1654 fe-

78 1670 203 1720 cisti,
229 1674 279 1709 ut
302 1671 539 1710 materiem
563 1669 713 1710 forma
733 1670 858 1711 nulla
878 1683 1032 1711 morae
1056 1671 1397 1724 intercapedine

77 1730 360 1778 sequeretur.
1072 1772 1073 1776 Ἰ

161 1781 207 1821 C.
233 1779 441 1821 XXXIV.
502 1781 782 1834 Inspeximus
809 1782 962 1829 etiam,
1000 1785 1185 1834 propter
1208 1793 1399 1834 quorum

78 1835 399 1890 figurationem
422 1837 512 1877 ista
534 1838 608 1876 vel
624 1837 706 1876 tali
727 1837 884 1876 ordine
904 1837 1022 1885 fieri,
1047 1837 1121 1876 vel
1137 1837 1219 1876 tali
1238 1837 1396 1876 ordine

78 1892 218 1932 scribi
232 1891 439 1941 voluisti,
459 1897 504 1932 et
523 1893 735 1943 vidimus,
756 1893 861 1946 quia
876 1893 997 1932 bona
1015 1897 1118 1932 sunt
1136 1893 1330 1946 singula,
1352 1897 1396 1932 et

79 1948 230 1987 omnia
245 1947 366 1986 bona
382 1947 513 1987 valde
531 1949 578 1988 in
595 1947 748 1988 Verbo
769 1954 863 1997 tuo,
882 1948 926 1987 in
943 1950 1075 1988 unico
1097 1953 1192 1998 tuo,
1217 1948 1395 1988 coelum

80 2007 125 2042 et
141 2008 328 2051 terram,
354 2008 487 2056 caput
505 2008 551 2043 et
568 2016 733 2056 corpus
754 2003 999 2053 ecclesiae,
1023 2005 1068 2043 in
1085 2004 1398 2056 praedestina-

82 2059 205 2098 tione
239 2063 342 2098 ante
377 2060 529 2098 omnia
558 2063 785 2111 tempora,
819 2059 915 2098 sine
947 2071 1078 2098 mane
1114 2064 1159 2099 et
1193 2070 1397 2111 vespera.

81 2114 167 2153 Ubi
191 2118 343 2154 autem
369 2114 564 2168 coepisti
581 2114 922 2167 praedestinata
939 2115 1253 2167 temporaliter
1272 2127 1398 2153 exse-

83 2169 181 2222 qui,
208 2174 257 2209 ut
283 2169 464 2210 occulta
483 2168 822 2219 manifestares,
848 2175 892 2210 et
918 2171 1222 2222 incomposita
1246 2176 1402 2209 nostra

83 2237 382 2277 componeres
410 2226 643 2280 (quoniam
676 2237 812 2279 super
844 2239 927 2267 nos
962 2231 1091 2267 erant
1113 2230 1301 2279 peccata
1325 2237 1400 2264 no-
