1473 2443
55 122 139 165 284
384 118 657 161 AURELII
686 116 1052 159 AUGUSTINI

59 207 272 262 quoniam
305 210 409 246 sunt
432 206 635 259 quidam,
671 203 832 258 quibus
859 203 1104 257 displicent
1128 213 1267 256 opera
1291 207 1382 250 tua,

59 271 106 305 et
129 264 270 304 multa
290 275 446 302 eornm
466 262 622 301 dicunt
638 266 683 300 te
702 260 870 300 fecisse
888 260 1164 299 necessitate
1185 257 1384 310 compul-

60 334 180 370 sum,
205 320 324 359 sicut
345 317 545 358 fabricas
571 318 806 357 coelorum
826 321 870 355 et
889 315 1249 368 compositiones
1269 314 1385 353 side-

58 381 231 426 rum,et
248 374 359 414 haec
379 387 466 414 non
489 374 543 414 de
563 373 752 422 tuo,sed
770 373 860 412 iam
877 371 1021 411 fuisse
1041 371 1149 411 alibi
1170 376 1324 410 creata
1343 374 1388 409 et

61 431 266 481 aliunde,
294 443 407 484 quae
429 435 480 470 tu
499 428 796 470 contraheres
816 433 861 468 et
880 428 1229 481 compaginares
1251 432 1387 478 atque

61 493 356 536 contexeres,
382 499 482 526 cum
509 486 563 526 de
583 484 792 525 hostibus
810 484 945 523 victis
963 483 1190 523 mundana
1208 482 1391 522 moenia

60 544 313 593 molireris,
347 548 397 582 ut
420 555 475 583 ea
500 541 842 582 constructione
869 540 1036 580 devicti
1058 538 1136 591 [al.
1164 535 1385 589 devincti]

62 600 284 641 adversus
309 604 354 639 te
377 599 542 638 iterum
564 597 793 637 rebellare
816 608 907 636 non
929 599 1137 648 possent:
1171 594 1261 633 alia
1280 605 1388 633 vero

64 669 149 697 nec
175 656 345 696 fecisse
364 659 429 704 te,
454 666 538 694 nec
559 655 741 693 omnino
763 653 1071 705 compegisse,
1096 652 1214 690 sicut
1233 661 1390 689 omnes

66 725 249 762 carnes,
279 717 324 751 et
345 710 649 751 minutissima
672 720 878 763 quaeque
903 708 1169 756 animantia,
1196 710 1241 745 et
1264 705 1389 759 quid-

67 769 175 823 quid
207 767 438 808 radicibus
471 772 642 806 terram
673 769 819 815 tenet3
851 763 934 804 sed
957 762 1172 803 hostilem
1198 766 1394 801 mentem

66 829 366 877 naturamque
386 823 539 872 aliam,
559 834 644 862 nec
664 821 743 861 abs
761 826 807 860 te
829 820 1081 869 conditam,
1100 818 1268 871 ubique
1288 830 1393 857 con-

66 882 276 930 trariam,
300 881 347 919 in
369 878 670 919 inferioribus
693 876 850 917 mundi
873 876 989 916 locis
1012 875 1103 915 ista
1122 875 1311 928 gignere
1331 878 1394 912 at-

69 949 156 991 que
179 936 394 977 formare.
453 934 607 974 Insani
629 934 786 974 dicunt
804 931 938 982 haec,
965 930 1178 985 quoniam
1204 942 1292 969 non
1315 940 1397 982 per

73 993 293 1045 Spiritum
315 997 443 1031 tuum
467 990 624 1030 vident
649 1001 790 1042 opera
811 994 909 1038 tua,
936 1000 1020 1028 nec
1046 992 1090 1027 te
1112 990 1399 1040 cognoscunt

70 1063 119 1089 1n
139 1060 220 1088 eis.

161 1104 208 1144 C.
234 1102 401 1143 XXXI.
465 1102 552 1150 Qui
577 1106 729 1141 autem
749 1113 831 1154 per
856 1099 1075 1152 Spiritum
1098 1104 1225 1140 tuum
1242 1098 1400 1139 vident

75 1172 148 1210 ea,
180 1168 231 1200 tu
263 1159 393 1200 vides
426 1159 472 1197 in
506 1159 587 1197 eis.
646 1157 771 1211 Ergo
807 1169 907 1197 cum
938 1156 1114 1204 vident,
1151 1157 1257 1208 quia
1277 1155 1400 1194 bona

76 1221 201 1266 sunt,
224 1220 273 1255 tu
295 1215 445 1264 vides,
471 1215 577 1267 quia
597 1213 719 1254 bona
741 1217 864 1263 sunt3
898 1218 943 1251 et
968 1223 1277 1265 quaecumque
1296 1222 1398 1263 pro-

74 1277 176 1326 pter
195 1276 237 1311 te
255 1271 453 1324 placent,
471 1271 584 1309 tuin
603 1270 669 1309 eis
687 1269 865 1322 places,
886 1273 932 1308 et
949 1280 1063 1322 quae
1081 1280 1162 1320 per
1183 1266 1401 1320 Spiritum

74 1334 203 1368 tuum
222 1327 403 1381 placent
419 1326 568 1375 nobis,
586 1326 671 1366 tibi
689 1326 872 1379 placent
889 1325 933 1363 in
951 1324 1098 1364 nobis.
1161 1321 1267 1373 Quis
1287 1320 1399 1362 enim

71 1383 158 1424 scit*
175 1382 399 1423 Ιιοηιὶηιιήι
420 1395 529 1435 quae
547 1388 650 1421 sunt
667 1380 874 1431 hominis,
900 1379 985 1420 nisi
999 1379 1178 1433 spiritus
1197 1376 1398 1426 hominis,

75 1439 151 1493 qui
176 1436 227 1479 in
256 1439 346 1492 ipso
382 1439 469 1479 est?
500 1437 572 1478 Sic
596 1444 639 1478 et
662 1450 771 1491 quae
797 1435 886 1477 Dei
906 1442 1009 1476 sunt
1030 1449 1153 1475 nemo
1179 1434 1280 1484 scit,
1317 1432 1402 1473 nisu

73 1495 262 1548 Spiritus
287 1493 388 1535 Dei.
451 1492 542 1535 Nos
565 1500 729 1542 autem,
756 1493 923 1548 inquit,
949 1505 1037 1532 non
1054 1490 1255 1545 spiritam
1273 1488 1400 1530 liuius

71 1551 224 1591 meandi
240 1550 501 1604 accepimus,
521 1550 596 1590 sed
611 1548 827 1603 spiritum,
850 1548 925 1602 qui
941 1561 993 1588 ex
1011 1546 1107 1587 Deo
1128 1554 1203 1597 est,
1224 1553 1275 1586 ut
1288 1545 1398 1585 scia-

72 1621 164 1648 mus
199 1621 309 1661 qaae
332 1620 358 1647 a
381 1605 478 1646 Deo
504 1606 669 1646 donata
691 1612 794 1645 sunt
817 1604 954 1644 nobis.
977 1605 1019 1654 (l
1040 1604 1144 1644 Cor.
1163 1604 1203 1654 2,
1226 1604 1291 1642 11.
1312 1603 1400 1652 12.)

71 1664 131 1705 Et
164 1665 433 1712 admoneor,
467 1668 517 1702 ut
549 1662 714 1702 dicam:
749 1666 872 1701 certe
907 1672 1039 1700 nemo
1059 1660 1147 1699 scit
1178 1670 1293 1713 quae
1311 1657 1401 1698 Dei

73 1725 199 1770 sunt,
232 1720 321 1760 nisi
347 1718 543 1771 Spiritus
567 1718 670 1758 Dei.
733 1717 833 1767 Quo
852 1717 989 1756 modo
1026 1727 1135 1768 ergo
1169 1716 1336 1755 scimus
1357 1718 1403 1753 et

72 1788 178 1825 nos,
213 1787 327 1829 quae
362 1788 388 1814 a
420 1775 520 1814 Deo
556 1774 725 1814 donata
756 1777 861 1814 sunt
891 1771 1050 1812 nobis'.t
1080 1770 1402 1823 Respondetur

73 1830 202 1871 mihi:
251 1831 486 1883 quoniam,
537 1843 651 1883 quae
701 1841 782 1882 per
820 1828 916 1868 eius
958 1826 1177 1879 Spiritum
1216 1827 1400 1875 scimus,

76 1889 214 1927 etiam
247 1888 313 1926 sic
336 1898 467 1926 nemo
492 1888 599 1936 scit,
633 1886 721 1925 nisi
746 1884 941 1937 Spiritus
966 1883 1069 1924 Dei.
1131 1882 1260 1924 Sicut
1283 1882 1401 1922 enim

75 1948 200 1983 recte
236 1942 405 1982 dictum
439 1946 526 1981 est:
561 1954 649 1981 uon
683 1940 796 1980 enim
827 1953 901 1979 vos
935 1939 1035 1979 estis
1072 1938 1146 1992 qui
1169 1935 1400 1992 loquimini

78 1997 260 2047 (Matth.
285 1999 350 2047 10,
369 1999 480 2047 20.)‚
501 1997 572 2037 eis
598 1997 674 2050 qui
698 1997 745 2036 in
769 1995 859 2035 Dei
883 1995 1055 2049 Spiritu
1079 1995 1397 2048 loquerentur3

79 2056 146 2094 sic
168 2059 294 2094 recte
323 2053 512 2093 dicitur:
539 2065 631 2092 non
653 2064 735 2091 vos
761 2052 873 2091 estis
899 2053 976 2104 qui
996 2051 1145 2101 scitis,
1172 2051 1237 2090 eis
1258 2049 1334 2102 qui
1352 2049 1396 2088 in

78 2110 168 2150 Dei
193 2110 365 2164 Spiritu
398 2108 559 2149 sciunt.
620 2106 776 2148 Nihilo
803 2109 951 2147 minus
974 2108 1116 2160 igitur
1140 2110 1265 2146 recte
1290 2105 1399 2144 dici-

79 2172 173 2206 tur:
206 2179 297 2206 non
318 2177 400 2205 vos
426 2165 536 2205 estis
561 2165 638 2217 qui
659 2163 846 2212 videtis,
872 2164 937 2202 eis
965 2164 1041 2216 qui
1060 2164 1103 2202 in
1124 2161 1295 2215 Spiritu
1311 2160 1399 2201 Del

80 2222 250 2263 vident.
309 2221 378 2262 Ita
404 2220 622 2276 quidquid
638 2222 684 2261 in
705 2219 877 2272 Spiritu
894 2218 982 2259 Dei
999 2219 1173 2267 vident,
1200 2219 1304 2270 quia
1320 2217 1399 2258 bo-
