<?xml version="1.0" encoding="UTF-8"?>
<!DOCTYPE html PUBLIC "-//W3C//DTD XHTML 1.0 Transitional//EN"
    "http://www.w3.org/TR/xhtml1/DTD/xhtml1-transitional.dtd">
<html xmlns="http://www.w3.org/1999/xhtml" xml:lang="en" lang="en">
 <head>
  <title>
</title>
<meta http-equiv="Content-Type" content="text/html;charset=utf-8" />
  <meta name='ocr-system' content='tesseract 3.04.00' />
  <meta name='ocr-capabilities' content='ocr_page ocr_carea ocr_par ocr_line ocrx_word'/>
</head>
<body>
  <div class='ocr_page' id='page_1' title='image "./saureliiaugustin00augu_0232.png"; bbox 0 0 1473 2443; ppageno 0'>
   <div class='ocr_carea' id='block_1_1' title="bbox 118 80 1118 124">
    <p class='ocr_par' dir='ltr' id='par_1_1' title="bbox 118 80 1118 124">
     <span class='ocr_line' id='line_1_1' title="bbox 118 80 1118 124; baseline 0.001 -3"><span class='ocrx_word' id='word_1_1' title='bbox 118 80 200 121; x_wconf 68' lang='grc'>206</span> <span class='ocrx_word' id='word_1_2' title='bbox 442 80 722 122; x_wconf 86' lang='lat' dir='ltr'><strong>AURELII</strong></span> <span class='ocrx_word' id='word_1_3' title='bbox 749 81 1118 124; x_wconf 79' lang='lat' dir='ltr'><strong>AUGUSTINI</strong></span> 
     </span>
    </p>
   </div>
   <div class='ocr_carea' id='block_1_2' title="bbox 116 164 1431 723">
    <p class='ocr_par' dir='ltr' id='par_1_2' title="bbox 116 164 1431 723">
     <span class='ocr_line' id='line_1_2' title="bbox 118 164 1431 218; baseline 0.003 -14"><span class='ocrx_word' id='word_1_4' title='bbox 118 164 221 218; x_wconf 80' lang='lat' dir='ltr'>ipsis</span> <span class='ocrx_word' id='word_1_5' title='bbox 253 172 447 205; x_wconf 71' lang='lat' dir='ltr'>mortuns</span> <span class='ocrx_word' id='word_1_6' title='bbox 477 171 552 206; x_wconf 75' lang='lat' dir='ltr'>est.</span> <span class='ocrx_word' id='word_1_7' title='bbox 615 167 657 214; x_wconf 84' lang='lat'>(2</span> <span class='ocrx_word' id='word_1_8' title='bbox 691 167 793 206; x_wconf 88' lang='lat' dir='ltr'>Cor.</span> <span class='ocrx_word' id='word_1_9' title='bbox 826 166 874 216; x_wconf 87' lang='lat'>5,</span> <span class='ocrx_word' id='word_1_10' title='bbox 909 166 994 218; x_wconf 89' lang='lat'>15.)</span> <span class='ocrx_word' id='word_1_11' title='bbox 1053 167 1188 217; x_wconf 86' lang='lat' dir='ltr'>Ecce,</span> <span class='ocrx_word' id='word_1_12' title='bbox 1221 166 1431 218; x_wconf 83' lang='lat' dir='ltr'>Domine,</span> 
     </span>
     <span class='ocr_line' id='line_1_3' title="bbox 121 222 1431 272; baseline 0.002 -12"><span class='ocrx_word' id='word_1_13' title='bbox 121 222 241 260; x_wconf 88' lang='lat' dir='ltr'>iacto</span> <span class='ocrx_word' id='word_1_14' title='bbox 260 222 306 260; x_wconf 93' lang='lat' dir='ltr'>in</span> <span class='ocrx_word' id='word_1_15' title='bbox 324 227 369 261; x_wconf 87' lang='lat' dir='ltr'>te</span> <span class='ocrx_word' id='word_1_16' title='bbox 389 233 541 260; x_wconf 88' lang='lat' dir='ltr'>curam</span> <span class='ocrx_word' id='word_1_17' title='bbox 558 233 717 272; x_wconf 87' lang='lat' dir='ltr'>meam,</span> <span class='ocrx_word' id='word_1_18' title='bbox 732 227 781 262; x_wconf 88' lang='lat' dir='ltr'>ut</span> <span class='ocrx_word' id='word_1_19' title='bbox 798 222 956 272; x_wconf 78' lang='lat' dir='ltr'>vivam,</span> <span class='ocrx_word' id='word_1_20' title='bbox 971 227 1015 262; x_wconf 88' lang='lat' dir='ltr'>et</span> <span class='ocrx_word' id='word_1_21' title='bbox 1035 223 1334 264; x_wconf 81' lang='lat' dir='ltr'>considerabo</span> <span class='ocrx_word' id='word_1_22' title='bbox 1353 225 1431 263; x_wconf 91' lang='lat' dir='ltr'>mi-</span> 
     </span>
     <span class='ocr_line' id='line_1_4' title="bbox 120 276 1429 330; baseline 0.003 -15"><span class='ocrx_word' id='word_1_23' title='bbox 120 277 285 316; x_wconf 82' lang='lat' dir='ltr'><strong>rabilia</strong></span> <span class='ocrx_word' id='word_1_24' title='bbox 304 276 358 316; x_wconf 91' lang='lat' dir='ltr'>de</span> <span class='ocrx_word' id='word_1_25' title='bbox 382 277 485 329; x_wconf 84' lang='lat' dir='ltr'>lege</span> <span class='ocrx_word' id='word_1_26' title='bbox 502 282 594 317; x_wconf 86' lang='lat' dir='ltr'>tua.</span> <span class='ocrx_word' id='word_1_27' title='bbox 656 280 726 317; x_wconf 93' lang='lat' dir='ltr'>Tu</span> <span class='ocrx_word' id='word_1_28' title='bbox 745 278 834 318; x_wconf 89' lang='lat' dir='ltr'>scis</span> <span class='ocrx_word' id='word_1_29' title='bbox 852 278 1122 330; x_wconf 77' lang='lat' dir='ltr'>imperitiam</span> <span class='ocrx_word' id='word_1_30' title='bbox 1141 291 1287 319; x_wconf 89' lang='lat' dir='ltr'>meam</span> <span class='ocrx_word' id='word_1_31' title='bbox 1305 285 1349 319; x_wconf 86' lang='lat' dir='ltr'>et</span> <span class='ocrx_word' id='word_1_32' title='bbox 1365 280 1429 319; x_wconf 90' lang='lat' dir='ltr'>in-</span> 
     </span>
     <span class='ocr_line' id='line_1_5' title="bbox 121 332 1428 384; baseline 0.004 -14"><span class='ocrx_word' id='word_1_33' title='bbox 121 332 381 372; x_wconf 87' lang='lat' dir='ltr'>firmitatem</span> <span class='ocrx_word' id='word_1_34' title='bbox 412 344 577 383; x_wconf 84' lang='lat' dir='ltr'>meam3</span> <span class='ocrx_word' id='word_1_35' title='bbox 611 333 724 373; x_wconf 89' lang='lat' dir='ltr'>doce</span> <span class='ocrx_word' id='word_1_36' title='bbox 758 346 850 384; x_wconf 85' lang='lat' dir='ltr'>me,</span> <span class='ocrx_word' id='word_1_37' title='bbox 887 340 932 373; x_wconf 88' lang='lat' dir='ltr'>et</span> <span class='ocrx_word' id='word_1_38' title='bbox 954 347 1165 375; x_wconf 87' lang='lat' dir='ltr'>saname.</span> <span class='ocrx_word' id='word_1_39' title='bbox 1224 335 1306 375; x_wconf 89' lang='lat' dir='ltr'>Ille</span> <span class='ocrx_word' id='word_1_40' title='bbox 1324 340 1428 375; x_wconf 83' lang='lat' dir='ltr'>tuus</span> 
     </span>
     <span class='ocr_line' id='line_1_6' title="bbox 120 388 1430 444; baseline 0.003 -18"><span class='ocrx_word' id='word_1_41' title='bbox 120 388 300 437; x_wconf 88' lang='lat' dir='ltr'>unicus,</span> <span class='ocrx_word' id='word_1_42' title='bbox 335 388 381 426; x_wconf 91' lang='lat' dir='ltr'>in</span> <span class='ocrx_word' id='word_1_43' title='bbox 417 400 505 441; x_wconf 92' lang='lat' dir='ltr'>quo</span> <span class='ocrx_word' id='word_1_44' title='bbox 542 394 645 428; x_wconf 90' lang='lat' dir='ltr'>sunt</span> <span class='ocrx_word' id='word_1_45' title='bbox 679 402 833 429; x_wconf 88' lang='lat' dir='ltr'>omnes</span> <span class='ocrx_word' id='word_1_46' title='bbox 865 388 1071 429; x_wconf 83' lang='lat' dir='ltr'><strong>thesauri</strong></span> <span class='ocrx_word' id='word_1_47' title='bbox 1106 392 1358 444; x_wconf 79' lang='lat' dir='ltr'>sapientiae</span> <span class='ocrx_word' id='word_1_48' title='bbox 1385 396 1430 430; x_wconf 85' lang='lat' dir='ltr'>et</span> 
     </span>
     <span class='ocr_line' id='line_1_7' title="bbox 120 443 1427 500; baseline 0.003 -18"><span class='ocrx_word' id='word_1_49' title='bbox 120 444 339 483; x_wconf 85' lang='lat' dir='ltr'>scientiae</span> <span class='ocrx_word' id='word_1_50' title='bbox 360 443 617 484; x_wconf 82' lang='lat' dir='ltr'>absconditi</span> <span class='ocrx_word' id='word_1_51' title='bbox 636 445 751 494; x_wconf 88' lang='lat' dir='ltr'>(Col.</span> <span class='ocrx_word' id='word_1_52' title='bbox 772 445 1101 495; x_wconf 85' lang='lat' dir='ltr'>2‚3.),1·edemit</span> <span class='ocrx_word' id='word_1_53' title='bbox 1118 459 1187 486; x_wconf 92' lang='lat' dir='ltr'>me</span> <span class='ocrx_word' id='word_1_54' title='bbox 1208 447 1427 500; x_wconf 81' lang='lat' dir='ltr'>sanguine</span> 
     </span>
     <span class='ocr_line' id='line_1_8' title="bbox 119 498 1428 555; baseline 0.002 -17"><span class='ocrx_word' id='word_1_55' title='bbox 119 511 217 539; x_wconf 90' lang='lat' dir='ltr'>suo.</span> <span class='ocrx_word' id='word_1_56' title='bbox 276 498 378 539; x_wconf 87' lang='lat' dir='ltr'>Non</span> <span class='ocrx_word' id='word_1_57' title='bbox 402 499 731 540; x_wconf 83' lang='lat' dir='ltr'>calumnientur</span> <span class='ocrx_word' id='word_1_58' title='bbox 752 499 863 540; x_wconf 87' lang='lat' dir='ltr'>mihi</span> <span class='ocrx_word' id='word_1_59' title='bbox 886 502 1088 554; x_wconf 89' lang='lat' dir='ltr'>supe1·bi;</span> <span class='ocrx_word' id='word_1_60' title='bbox 1121 503 1332 555; x_wconf 88' lang='lat' dir='ltr'>quoniam</span> <span class='ocrx_word' id='word_1_61' title='bbox 1355 515 1428 541; x_wconf 88' lang='lat' dir='ltr'>co-</span> 
     </span>
     <span class='ocr_line' id='line_1_9' title="bbox 119 555 1430 610; baseline 0.002 -17"><span class='ocrx_word' id='word_1_62' title='bbox 119 555 215 607; x_wconf 84' lang='lat' dir='ltr'>gito</span> <span class='ocrx_word' id='word_1_63' title='bbox 235 555 430 606; x_wconf 89' lang='lat' dir='ltr'>pretium</span> <span class='ocrx_word' id='word_1_64' title='bbox 448 567 611 605; x_wconf 90' lang='lat' dir='ltr'>meum,</span> <span class='ocrx_word' id='word_1_65' title='bbox 632 561 677 596; x_wconf 89' lang='lat' dir='ltr'>et</span> <span class='ocrx_word' id='word_1_66' title='bbox 693 557 931 606; x_wconf 90' lang='lat' dir='ltr'>manduco,</span> <span class='ocrx_word' id='word_1_67' title='bbox 953 561 997 595; x_wconf 87' lang='lat' dir='ltr'>et</span> <span class='ocrx_word' id='word_1_68' title='bbox 1013 557 1120 597; x_wconf 88' lang='lat' dir='ltr'>bibo</span> <span class='ocrx_word' id='word_1_69' title='bbox 1142 562 1187 597; x_wconf 91' lang='lat' dir='ltr'>et</span> <span class='ocrx_word' id='word_1_70' title='bbox 1206 570 1363 610; x_wconf 83' lang='lat' dir='ltr'>erogo,</span> <span class='ocrx_word' id='word_1_71' title='bbox 1385 561 1430 597; x_wconf 87' lang='lat' dir='ltr'>et</span> 
     </span>
     <span class='ocr_line' id='line_1_10' title="bbox 116 612 1429 667; baseline 0.002 -18"><span class='ocrx_word' id='word_1_72' title='bbox 116 622 288 663; x_wconf 84' lang='lat' dir='ltr'>pauper</span> <span class='ocrx_word' id='word_1_73' title='bbox 311 612 442 664; x_wconf 87' lang='lat' dir='ltr'>cupio</span> <span class='ocrx_word' id='word_1_74' title='bbox 473 613 670 652; x_wconf 87' lang='lat' dir='ltr'>saturari</span> <span class='ocrx_word' id='word_1_75' title='bbox 687 624 743 653; x_wconf 83' lang='lat' dir='ltr'>ex</span> <span class='ocrx_word' id='word_1_76' title='bbox 762 625 815 652; x_wconf 89' lang='lat' dir='ltr'>eo</span> <span class='ocrx_word' id='word_1_77' title='bbox 835 614 954 652; x_wconf 85' lang='lat' dir='ltr'>inter</span> <span class='ocrx_word' id='word_1_78' title='bbox 970 612 1099 662; x_wconf 86' lang='lat' dir='ltr'>illos,</span> <span class='ocrx_word' id='word_1_79' title='bbox 1134 615 1209 667; x_wconf 89' lang='lat' dir='ltr'>qui</span> <span class='ocrx_word' id='word_1_80' title='bbox 1227 613 1365 653; x_wconf 87' lang='lat' dir='ltr'>edunt</span> <span class='ocrx_word' id='word_1_81' title='bbox 1384 619 1429 652; x_wconf 90' lang='lat' dir='ltr'>et</span> 
     </span>
     <span class='ocr_line' id='line_1_11' title="bbox 119 666 1425 723; baseline 0.002 -18"><span class='ocrx_word' id='word_1_82' title='bbox 119 671 395 708; x_wconf 86' lang='lat' dir='ltr'>saturantur.</span> <span class='ocrx_word' id='word_1_83' title='bbox 426 666 482 707; x_wconf 87' lang='lat' dir='ltr'>Et</span> <span class='ocrx_word' id='word_1_84' title='bbox 498 666 951 717; x_wconf 87' lang='lat' dir='ltr'>laudantDominum,</span> <span class='ocrx_word' id='word_1_85' title='bbox 965 668 1040 722; x_wconf 89' lang='lat' dir='ltr'>qui</span> <span class='ocrx_word' id='word_1_86' title='bbox 1056 671 1293 723; x_wconf 85' lang='lat' dir='ltr'>requirunt</span> <span class='ocrx_word' id='word_1_87' title='bbox 1311 681 1425 709; x_wconf 87' lang='lat' dir='ltr'>eum.</span> 
     </span>
    </p>
   </div>
   <div class='ocr_carea' id='block_1_3' title="bbox 483 890 1066 950">
    <p class='ocr_par' dir='ltr' id='par_1_3' title="bbox 483 890 1066 950">
     <span class='ocr_line' id='line_1_12' title="bbox 483 890 1066 950; baseline 0.003 -4"><span class='ocrx_word' id='word_1_88' title='bbox 483 890 875 948; x_wconf 80' lang='lat' dir='ltr'><strong>LIBER</strong></span> <span class='ocrx_word' id='word_1_89' title='bbox 961 893 1066 950; x_wconf 89' lang='lat' dir='ltr'>XI.</span> 
     </span>
    </p>
   </div>
   <div class='ocr_carea' id='block_1_4' title="bbox 115 997 1434 2151">
    <p class='ocr_par' dir='ltr' id='par_1_4' title="bbox 115 997 1434 2151">
     <span class='ocr_line' id='line_1_13' title="bbox 202 997 1427 1050; baseline 0 -12"><span class='ocrx_word' id='word_1_90' title='bbox 202 998 248 1038; x_wconf 92' lang='lat' dir='ltr'>C.</span> <span class='ocrx_word' id='word_1_91' title='bbox 275 997 306 1039; x_wconf 90' lang='grc' dir='ltr'>Ι.</span> <span class='ocrx_word' id='word_1_92' title='bbox 369 997 615 1050; x_wconf 83' lang='lat' dir='ltr'>Numquid,</span> <span class='ocrx_word' id='word_1_93' title='bbox 637 998 851 1049; x_wconf 85' lang='lat' dir='ltr'>Domine,</span> <span class='ocrx_word' id='word_1_94' title='bbox 873 1014 972 1040; x_wconf 86' lang='lat' dir='ltr'>cum</span> <span class='ocrx_word' id='word_1_95' title='bbox 991 1007 1070 1040; x_wconf 88' lang='lat' dir='ltr'>tua</span> <span class='ocrx_word' id='word_1_96' title='bbox 1088 1002 1146 1040; x_wconf 87' lang='lat' dir='ltr'>sit</span> <span class='ocrx_word' id='word_1_97' title='bbox 1165 999 1427 1048; x_wconf 84' lang='lat' dir='ltr'>aeternitas,</span> 
     </span>
     <span class='ocr_line' id='line_1_14' title="bbox 115 1054 1432 1108; baseline 0.002 -15"><span class='ocrx_word' id='word_1_98' title='bbox 115 1055 318 1108; x_wconf 84' lang='lat' dir='ltr'>ignoras,</span> <span class='ocrx_word' id='word_1_99' title='bbox 340 1067 453 1108; x_wconf 90' lang='lat' dir='ltr'>quae</span> <span class='ocrx_word' id='word_1_100' title='bbox 470 1055 553 1094; x_wconf 80' lang='lat' dir='ltr'>tibi</span> <span class='ocrx_word' id='word_1_101' title='bbox 575 1054 692 1105; x_wconf 85' lang='lat' dir='ltr'>dico,</span> <span class='ocrx_word' id='word_1_102' title='bbox 714 1061 790 1095; x_wconf 86' lang='lat' dir='ltr'>aut</span> <span class='ocrx_word' id='word_1_103' title='bbox 808 1057 864 1095; x_wconf 84' lang='lat' dir='ltr'>ad</span> <span class='ocrx_word' id='word_1_104' title='bbox 881 1062 1057 1108; x_wconf 87' lang='lat' dir='ltr'>tempus</span> <span class='ocrx_word' id='word_1_105' title='bbox 1076 1056 1219 1105; x_wconf 65' lang='lat' dir='ltr'>vides,</span> <span class='ocrx_word' id='word_1_106' title='bbox 1241 1055 1360 1108; x_wconf 88' lang='lat' dir='ltr'>quod</span> <span class='ocrx_word' id='word_1_107' title='bbox 1382 1055 1432 1095; x_wconf 87' lang='lat' dir='ltr'>fit</span> 
     </span>
     <span class='ocr_line' id='line_1_15' title="bbox 116 1109 1429 1164; baseline 0.001 -16"><span class='ocrx_word' id='word_1_108' title='bbox 116 1110 163 1149; x_wconf 91' lang='lat' dir='ltr'>in</span> <span class='ocrx_word' id='word_1_109' title='bbox 185 1109 418 1163; x_wconf 64' lang='lat' dir='ltr'>tempore&#39;}</span> <span class='ocrx_word' id='word_1_110' title='bbox 451 1111 540 1149; x_wconf 89' lang='lat' dir='ltr'>Cur</span> <span class='ocrx_word' id='word_1_111' title='bbox 565 1122 673 1164; x_wconf 82' lang='lat' dir='ltr'>ergo</span> <span class='ocrx_word' id='word_1_112' title='bbox 699 1112 785 1151; x_wconf 85' lang='lat' dir='ltr'>tibi</span> <span class='ocrx_word' id='word_1_113' title='bbox 806 1117 877 1151; x_wconf 90' lang='lat' dir='ltr'>tot</span> <span class='ocrx_word' id='word_1_114' title='bbox 894 1124 1042 1151; x_wconf 88' lang='lat' dir='ltr'>rerum</span> <span class='ocrx_word' id='word_1_115' title='bbox 1061 1113 1345 1151; x_wconf 78' lang='lat' dir='ltr'>narrationes</span> <span class='ocrx_word' id='word_1_116' title='bbox 1366 1110 1429 1149; x_wconf 88' lang='lat' dir='ltr'>di-</span> 
     </span>
     <span class='ocr_line' id='line_1_16' title="bbox 118 1164 1426 1219; baseline -0.001 -14"><span class='ocrx_word' id='word_1_117' title='bbox 118 1165 259 1219; x_wconf 60' lang='lat' dir='ltr'>geroz</span> <span class='ocrx_word' id='word_1_118' title='bbox 307 1165 409 1205; x_wconf 91' lang='lat' dir='ltr'>Non</span> <span class='ocrx_word' id='word_1_119' title='bbox 437 1167 614 1218; x_wconf 89' lang='lat' dir='ltr'>utique,</span> <span class='ocrx_word' id='word_1_120' title='bbox 649 1171 697 1205; x_wconf 92' lang='lat' dir='ltr'>ut</span> <span class='ocrx_word' id='word_1_121' title='bbox 713 1179 794 1219; x_wconf 89' lang='lat' dir='ltr'>per</span> <span class='ocrx_word' id='word_1_122' title='bbox 812 1180 881 1207; x_wconf 88' lang='lat' dir='ltr'>me</span> <span class='ocrx_word' id='word_1_123' title='bbox 900 1169 1081 1207; x_wconf 74' lang='lat' dir='ltr'>noveris</span> <span class='ocrx_word' id='word_1_124' title='bbox 1101 1179 1173 1216; x_wconf 87' lang='lat' dir='ltr'>ea,</span> <span class='ocrx_word' id='word_1_125' title='bbox 1209 1165 1289 1205; x_wconf 86' lang='lat' dir='ltr'>sed</span> <span class='ocrx_word' id='word_1_126' title='bbox 1307 1164 1426 1204; x_wconf 86' lang='lat' dir='ltr'>adfe-</span> 
     </span>
     <span class='ocr_line' id='line_1_17' title="bbox 120 1220 1428 1276; baseline -0.001 -16"><span class='ocrx_word' id='word_1_127' title='bbox 120 1227 240 1261; x_wconf 90' lang='lat' dir='ltr'>ctum</span> <span class='ocrx_word' id='word_1_128' title='bbox 257 1235 406 1262; x_wconf 89' lang='lat' dir='ltr'>meum</span> <span class='ocrx_word' id='word_1_129' title='bbox 425 1223 574 1262; x_wconf 79' lang='lat' dir='ltr'>excito</span> <span class='ocrx_word' id='word_1_130' title='bbox 594 1223 639 1262; x_wconf 91' lang='lat' dir='ltr'>in</span> <span class='ocrx_word' id='word_1_131' title='bbox 657 1226 723 1271; x_wconf 91' lang='lat' dir='ltr'>te,</span> <span class='ocrx_word' id='word_1_132' title='bbox 761 1227 807 1262; x_wconf 90' lang='lat' dir='ltr'>et</span> <span class='ocrx_word' id='word_1_133' title='bbox 828 1235 1004 1272; x_wconf 87' lang='lat' dir='ltr'>eorum,</span> <span class='ocrx_word' id='word_1_134' title='bbox 1033 1223 1110 1276; x_wconf 87' lang='lat' dir='ltr'>qui</span> <span class='ocrx_word' id='word_1_135' title='bbox 1127 1220 1238 1261; x_wconf 87' lang='lat' dir='ltr'>haec</span> <span class='ocrx_word' id='word_1_136' title='bbox 1256 1221 1428 1274; x_wconf 84' lang='lat' dir='ltr'>legunt,</span> 
     </span>
     <span class='ocr_line' id='line_1_18' title="bbox 119 1276 1431 1332; baseline -0.001 -16"><span class='ocrx_word' id='word_1_137' title='bbox 119 1282 167 1316; x_wconf 91' lang='lat' dir='ltr'>ut</span> <span class='ocrx_word' id='word_1_138' title='bbox 202 1277 401 1318; x_wconf 87' lang='lat' dir='ltr'>dicamus</span> <span class='ocrx_word' id='word_1_139' title='bbox 437 1290 613 1317; x_wconf 84' lang='lat' dir='ltr'>omnes:</span> <span class='ocrx_word' id='word_1_140' title='bbox 657 1276 850 1332; x_wconf 75' lang='lat' dir='ltr'>Magnus</span> <span class='ocrx_word' id='word_1_141' title='bbox 882 1277 1097 1318; x_wconf 76' lang='lat' dir='ltr'>Dominus</span> <span class='ocrx_word' id='word_1_142' title='bbox 1131 1284 1173 1317; x_wconf 80' lang='lat' dir='ltr'>et</span> <span class='ocrx_word' id='word_1_143' title='bbox 1202 1276 1431 1316; x_wconf 69' lang='lat' dir='ltr'>laudabilis</span> 
     </span>
     <span class='ocr_line' id='line_1_19' title="bbox 118 1332 1429 1383; baseline -0.001 -11"><span class='ocrx_word' id='word_1_144' title='bbox 118 1333 254 1374; x_wconf 77' lang='lat' dir='ltr'>valde.</span> <span class='ocrx_word' id='word_1_145' title='bbox 291 1333 386 1382; x_wconf 89' lang='lat' dir='ltr'>(Ps.</span> <span class='ocrx_word' id='word_1_146' title='bbox 421 1332 493 1382; x_wconf 81' lang='lat'>96,</span> <span class='ocrx_word' id='word_1_147' title='bbox 524 1334 585 1383; x_wconf 87' lang='lat'>4.)</span> <span class='ocrx_word' id='word_1_148' title='bbox 644 1333 735 1373; x_wconf 88' lang='lat' dir='ltr'>Iam</span> <span class='ocrx_word' id='word_1_149' title='bbox 785 1334 897 1383; x_wconf 81' lang='lat' dir='ltr'>dixi,</span> <span class='ocrx_word' id='word_1_150' title='bbox 948 1339 993 1373; x_wconf 81' lang='lat' dir='ltr'>et</span> <span class='ocrx_word' id='word_1_151' title='bbox 1042 1334 1208 1374; x_wconf 85' lang='lat' dir='ltr'>dicam:</span> <span class='ocrx_word' id='word_1_152' title='bbox 1255 1344 1429 1373; x_wconf 89' lang='lat' dir='ltr'>amore</span> 
     </span>
     <span class='ocr_line' id='line_1_20' title="bbox 120 1388 1429 1438; baseline -0.001 -10"><span class='ocrx_word' id='word_1_153' title='bbox 120 1391 315 1430; x_wconf 89' lang='lat' dir='ltr'>amoris</span> <span class='ocrx_word' id='word_1_154' title='bbox 349 1391 427 1429; x_wconf 87' lang='lat' dir='ltr'>tui</span> <span class='ocrx_word' id='word_1_155' title='bbox 459 1388 601 1428; x_wconf 87' lang='lat' dir='ltr'>facio</span> <span class='ocrx_word' id='word_1_156' title='bbox 635 1390 792 1430; x_wconf 87' lang='lat' dir='ltr'>istud.</span> <span class='ocrx_word' id='word_1_157' title='bbox 852 1390 965 1430; x_wconf 85' lang='lat' dir='ltr'>Nam</span> <span class='ocrx_word' id='word_1_158' title='bbox 996 1398 1040 1430; x_wconf 84' lang='lat' dir='ltr'>et</span> <span class='ocrx_word' id='word_1_159' title='bbox 1065 1402 1264 1438; x_wconf 66' lang='lat' dir='ltr'>oramusg</span> <span class='ocrx_word' id='word_1_160' title='bbox 1299 1393 1343 1428; x_wconf 84' lang='lat' dir='ltr'>et</span> <span class='ocrx_word' id='word_1_161' title='bbox 1365 1393 1429 1427; x_wconf 85' lang='lat' dir='ltr'>ta-</span> 
     </span>
     <span class='ocr_line' id='line_1_21' title="bbox 118 1443 1430 1499; baseline -0.002 -14"><span class='ocrx_word' id='word_1_162' title='bbox 118 1457 221 1485; x_wconf 88' lang='lat' dir='ltr'>men</span> <span class='ocrx_word' id='word_1_163' title='bbox 252 1446 423 1485; x_wconf 79' lang='lat' dir='ltr'>veritas</span> <span class='ocrx_word' id='word_1_164' title='bbox 453 1446 538 1484; x_wconf 88' lang='lat' dir='ltr'>ait:</span> <span class='ocrx_word' id='word_1_165' title='bbox 572 1443 707 1484; x_wconf 80' lang='lat' dir='ltr'>Novit</span> <span class='ocrx_word' id='word_1_166' title='bbox 723 1452 856 1499; x_wconf 77' lang='lat' dir='ltr'>pater</span> <span class='ocrx_word' id='word_1_167' title='bbox 876 1452 1034 1494; x_wconf 74' lang='lat' dir='ltr'>vester,</span> <span class='ocrx_word' id='word_1_168' title='bbox 1073 1445 1176 1499; x_wconf 75' lang='lat' dir='ltr'>qnid</span> <span class='ocrx_word' id='word_1_169' title='bbox 1190 1443 1307 1484; x_wconf 78' lang='lat' dir='ltr'>vobis</span> <span class='ocrx_word' id='word_1_170' title='bbox 1327 1457 1430 1496; x_wconf 69' lang='lat' dir='ltr'>opus</span> 
     </span>
     <span class='ocr_line' id='line_1_22' title="bbox 120 1499 1427 1553; baseline -0.002 -13"><span class='ocrx_word' id='word_1_171' title='bbox 120 1500 196 1550; x_wconf 74' lang='lat' dir='ltr'>sit,</span> <span class='ocrx_word' id='word_1_172' title='bbox 224 1501 349 1553; x_wconf 75' lang='lat' dir='ltr'>prius</span> <span class='ocrx_word' id='word_1_173' title='bbox 375 1500 679 1553; x_wconf 77' lang='lat' dir='ltr'>quampetatis</span> <span class='ocrx_word' id='word_1_174' title='bbox 699 1501 750 1541; x_wconf 81' lang='lat' dir='ltr'>ab</span> <span class='ocrx_word' id='word_1_175' title='bbox 771 1516 834 1541; x_wconf 85' lang='lat' dir='ltr'>eo.</span> <span class='ocrx_word' id='word_1_176' title='bbox 898 1500 1077 1550; x_wconf 82' lang='lat' dir='ltr'>(Matth.</span> <span class='ocrx_word' id='word_1_177' title='bbox 1100 1501 1143 1550; x_wconf 88' lang='lat'>6,</span> <span class='ocrx_word' id='word_1_178' title='bbox 1179 1501 1238 1550; x_wconf 84' lang='lat'>8.)</span> <span class='ocrx_word' id='word_1_179' title='bbox 1297 1499 1427 1538; x_wconf 79' lang='lat' dir='ltr'>Adfe-</span> 
     </span>
     <span class='ocr_line' id='line_1_23' title="bbox 121 1555 1432 1610; baseline -0.002 -14"><span class='ocrx_word' id='word_1_180' title='bbox 121 1561 240 1596; x_wconf 88' lang='lat' dir='ltr'>ctum</span> <span class='ocrx_word' id='word_1_181' title='bbox 257 1569 366 1610; x_wconf 84' lang='lat' dir='ltr'>ergo</span> <span class='ocrx_word' id='word_1_182' title='bbox 386 1562 590 1596; x_wconf 87' lang='lat' dir='ltr'>nostrum</span> <span class='ocrx_word' id='word_1_183' title='bbox 607 1556 906 1610; x_wconf 83' lang='lat' dir='ltr'>patefacimus</span> <span class='ocrx_word' id='word_1_184' title='bbox 926 1559 971 1597; x_wconf 92' lang='lat' dir='ltr'>in</span> <span class='ocrx_word' id='word_1_185' title='bbox 989 1562 1049 1607; x_wconf 86' lang='lat' dir='ltr'>te,</span> <span class='ocrx_word' id='word_1_186' title='bbox 1070 1555 1328 1597; x_wconf 86' lang='lat' dir='ltr'>confitendo</span> <span class='ocrx_word' id='word_1_187' title='bbox 1347 1556 1432 1594; x_wconf 86' lang='lat' dir='ltr'>tibi</span> 
     </span>
     <span class='ocr_line' id='line_1_24' title="bbox 122 1613 1430 1664; baseline -0.002 -14"><span class='ocrx_word' id='word_1_188' title='bbox 122 1613 327 1651; x_wconf 86' lang='lat' dir='ltr'>miserias</span> <span class='ocrx_word' id='word_1_189' title='bbox 352 1617 533 1652; x_wconf 87' lang='lat' dir='ltr'>nostras</span> <span class='ocrx_word' id='word_1_190' title='bbox 555 1617 600 1651; x_wconf 83' lang='lat' dir='ltr'>et</span> <span class='ocrx_word' id='word_1_191' title='bbox 616 1613 954 1653; x_wconf 88' lang='lat' dir='ltr'>misericordias</span> <span class='ocrx_word' id='word_1_192' title='bbox 972 1618 1073 1652; x_wconf 89' lang='lat' dir='ltr'>tuas</span> <span class='ocrx_word' id='word_1_193' title='bbox 1093 1624 1227 1664; x_wconf 87' lang='lat' dir='ltr'>super</span> <span class='ocrx_word' id='word_1_194' title='bbox 1245 1623 1347 1659; x_wconf 86' lang='lat' dir='ltr'>nos,</span> <span class='ocrx_word' id='word_1_195' title='bbox 1381 1615 1430 1649; x_wconf 85' lang='lat' dir='ltr'>ut</span> 
     </span>
     <span class='ocr_line' id='line_1_25' title="bbox 121 1667 1430 1721; baseline -0.002 -15"><span class='ocrx_word' id='word_1_196' title='bbox 121 1667 290 1706; x_wconf 79' lang='lat' dir='ltr'>liberes</span> <span class='ocrx_word' id='word_1_197' title='bbox 309 1680 392 1707; x_wconf 88' lang='lat' dir='ltr'>nos</span> <span class='ocrx_word' id='word_1_198' title='bbox 413 1668 616 1717; x_wconf 89' lang='lat' dir='ltr'>omnino,</span> <span class='ocrx_word' id='word_1_199' title='bbox 643 1670 853 1721; x_wconf 87' lang='lat' dir='ltr'>quoniam</span> <span class='ocrx_word' id='word_1_200' title='bbox 873 1668 1087 1721; x_wconf 86' lang='lat' dir='ltr'>coepisti,</span> <span class='ocrx_word' id='word_1_201' title='bbox 1106 1672 1155 1707; x_wconf 93' lang='lat' dir='ltr'>ut</span> <span class='ocrx_word' id='word_1_202' title='bbox 1173 1667 1430 1706; x_wconf 82' lang='lat' dir='ltr'>desinamus</span> 
     </span>
     <span class='ocr_line' id='line_1_26' title="bbox 123 1723 1432 1775; baseline -0.001 -14"><span class='ocrx_word' id='word_1_203' title='bbox 123 1734 223 1761; x_wconf 85' lang='lat' dir='ltr'>esse</span> <span class='ocrx_word' id='word_1_204' title='bbox 247 1723 401 1762; x_wconf 89' lang='lat' dir='ltr'>miseri</span> <span class='ocrx_word' id='word_1_205' title='bbox 417 1725 463 1763; x_wconf 80' lang='grc'>111</span> <span class='ocrx_word' id='word_1_206' title='bbox 482 1724 633 1773; x_wconf 82' lang='lat' dir='ltr'>nobis,</span> <span class='ocrx_word' id='word_1_207' title='bbox 669 1729 714 1763; x_wconf 86' lang='lat' dir='ltr'>et</span> <span class='ocrx_word' id='word_1_208' title='bbox 729 1724 1042 1764; x_wconf 88' lang='lat' dir='ltr'>beatificemur</span> <span class='ocrx_word' id='word_1_209' title='bbox 1058 1724 1103 1762; x_wconf 90' lang='lat' dir='ltr'>in</span> <span class='ocrx_word' id='word_1_210' title='bbox 1121 1728 1186 1772; x_wconf 82' lang='lat' dir='ltr'>te3</span> <span class='ocrx_word' id='word_1_211' title='bbox 1221 1723 1432 1775; x_wconf 85' lang='lat' dir='ltr'>quoniam</span> 
     </span>
     <span class='ocr_line' id='line_1_27' title="bbox 121 1778 1434 1833; baseline -0.001 -17"><span class='ocrx_word' id='word_1_212' title='bbox 121 1780 295 1817; x_wconf 79' lang='lat' dir='ltr'>vocasti</span> <span class='ocrx_word' id='word_1_213' title='bbox 314 1791 417 1828; x_wconf 88' lang='lat' dir='ltr'>nos,</span> <span class='ocrx_word' id='word_1_214' title='bbox 452 1783 501 1817; x_wconf 91' lang='lat' dir='ltr'>ut</span> <span class='ocrx_word' id='word_1_215' title='bbox 528 1780 665 1818; x_wconf 91' lang='lat' dir='ltr'>simus</span> <span class='ocrx_word' id='word_1_216' title='bbox 684 1791 904 1833; x_wconf 88' lang='lat' dir='ltr'>pauperes</span> <span class='ocrx_word' id='word_1_217' title='bbox 925 1780 1106 1831; x_wconf 84' lang='lat' dir='ltr'>spiritu,</span> <span class='ocrx_word' id='word_1_218' title='bbox 1141 1785 1183 1817; x_wconf 89' lang='lat' dir='ltr'>et</span> <span class='ocrx_word' id='word_1_219' title='bbox 1201 1778 1354 1825; x_wconf 77' lang='lat' dir='ltr'>mites,</span> <span class='ocrx_word' id='word_1_220' title='bbox 1389 1785 1434 1816; x_wconf 82' lang='lat' dir='ltr'>et</span> 
     </span>
     <span class='ocr_line' id='line_1_28' title="bbox 122 1833 1432 1886; baseline 0.001 -15"><span class='ocrx_word' id='word_1_221' title='bbox 122 1833 352 1886; x_wconf 82' lang='lat' dir='ltr'>lugentes,</span> <span class='ocrx_word' id='word_1_222' title='bbox 391 1839 435 1873; x_wconf 88' lang='lat' dir='ltr'>et</span> <span class='ocrx_word' id='word_1_223' title='bbox 454 1836 706 1874; x_wconf 87' lang='lat' dir='ltr'>esurientes</span> <span class='ocrx_word' id='word_1_224' title='bbox 726 1848 778 1874; x_wconf 89' lang='lat' dir='ltr'>ac</span> <span class='ocrx_word' id='word_1_225' title='bbox 797 1835 1003 1874; x_wconf 88' lang='lat' dir='ltr'>sitientes</span> <span class='ocrx_word' id='word_1_226' title='bbox 1022 1835 1265 1883; x_wconf 81' lang='lat' dir='ltr'>iustitiam,</span> <span class='ocrx_word' id='word_1_227' title='bbox 1294 1837 1337 1872; x_wconf 89' lang='lat' dir='ltr'>et</span> <span class='ocrx_word' id='word_1_228' title='bbox 1353 1834 1432 1872; x_wconf 86' lang='lat' dir='ltr'>mi-</span> 
     </span>
     <span class='ocr_line' id='line_1_29' title="bbox 122 1889 1431 1943; baseline -0.002 -16"><span class='ocrx_word' id='word_1_229' title='bbox 122 1889 400 1938; x_wconf 87' lang='lat' dir='ltr'>sericordes,</span> <span class='ocrx_word' id='word_1_230' title='bbox 435 1893 480 1928; x_wconf 87' lang='lat' dir='ltr'>et</span> <span class='ocrx_word' id='word_1_231' title='bbox 507 1890 848 1938; x_wconf 86' lang='lat' dir='ltr'>mundicordes,</span> <span class='ocrx_word' id='word_1_232' title='bbox 883 1895 928 1929; x_wconf 90' lang='lat' dir='ltr'>et</span> <span class='ocrx_word' id='word_1_233' title='bbox 944 1890 1136 1943; x_wconf 83' lang='lat' dir='ltr'>pacifici.</span> <span class='ocrx_word' id='word_1_234' title='bbox 1195 1889 1314 1928; x_wconf 88' lang='lat' dir='ltr'>Ecce</span> <span class='ocrx_word' id='word_1_235' title='bbox 1333 1900 1431 1926; x_wconf 83' lang='lat' dir='ltr'>nar-</span> 
     </span>
     <span class='ocr_line' id='line_1_30' title="bbox 120 1944 1430 1998; baseline -0.002 -15"><span class='ocrx_word' id='word_1_236' title='bbox 120 1946 215 1984; x_wconf 83' lang='lat' dir='ltr'>ravi</span> <span class='ocrx_word' id='word_1_237' title='bbox 232 1944 316 1984; x_wconf 88' lang='lat' dir='ltr'>tibi</span> <span class='ocrx_word' id='word_1_238' title='bbox 333 1944 486 1994; x_wconf 87' lang='lat' dir='ltr'>multa,</span> <span class='ocrx_word' id='word_1_239' title='bbox 508 1957 621 1997; x_wconf 88' lang='lat' dir='ltr'>quae</span> <span class='ocrx_word' id='word_1_240' title='bbox 639 1946 782 1998; x_wconf 87' lang='lat' dir='ltr'>potui,</span> <span class='ocrx_word' id='word_1_241' title='bbox 803 1951 847 1985; x_wconf 86' lang='lat' dir='ltr'>et</span> <span class='ocrx_word' id='word_1_242' title='bbox 866 1958 978 1998; x_wconf 88' lang='lat' dir='ltr'>quae</span> <span class='ocrx_word' id='word_1_243' title='bbox 997 1946 1136 1995; x_wconf 76' lang='lat' dir='ltr'>volui,</span> <span class='ocrx_word' id='word_1_244' title='bbox 1154 1945 1364 1998; x_wconf 87' lang='lat' dir='ltr'>quoniam</span> <span class='ocrx_word' id='word_1_245' title='bbox 1380 1949 1430 1982; x_wconf 82' lang='lat' dir='ltr'>tu</span> 
     </span>
     <span class='ocr_line' id='line_1_31' title="bbox 119 1999 1426 2052; baseline -0.002 -13"><span class='ocrx_word' id='word_1_246' title='bbox 119 2001 244 2052; x_wconf 86' lang='lat' dir='ltr'>prior</span> <span class='ocrx_word' id='word_1_247' title='bbox 270 2000 472 2049; x_wconf 87' lang='lat' dir='ltr'>voluisti,</span> <span class='ocrx_word' id='word_1_248' title='bbox 505 2005 555 2039; x_wconf 87' lang='lat' dir='ltr'>ut</span> <span class='ocrx_word' id='word_1_249' title='bbox 581 2001 823 2040; x_wconf 87' lang='lat' dir='ltr'>confiterer</span> <span class='ocrx_word' id='word_1_250' title='bbox 840 2002 944 2050; x_wconf 88' lang='lat' dir='ltr'>tibi,</span> <span class='ocrx_word' id='word_1_251' title='bbox 974 2001 1170 2040; x_wconf 83' lang='lat' dir='ltr'>Domino</span> <span class='ocrx_word' id='word_1_252' title='bbox 1190 1999 1289 2038; x_wconf 91' lang='lat' dir='ltr'>Deo</span> <span class='ocrx_word' id='word_1_253' title='bbox 1308 2010 1426 2044; x_wconf 87' lang='lat' dir='ltr'>meo,</span> 
     </span>
     <span class='ocr_line' id='line_1_32' title="bbox 121 2054 1427 2109; baseline -0.002 -15"><span class='ocrx_word' id='word_1_254' title='bbox 121 2056 333 2108; x_wconf 85' lang='lat' dir='ltr'>quoniam</span> <span class='ocrx_word' id='word_1_255' title='bbox 355 2055 501 2096; x_wconf 88' lang='lat' dir='ltr'>bonus</span> <span class='ocrx_word' id='word_1_256' title='bbox 527 2068 595 2105; x_wconf 85' lang='lat' dir='ltr'>es,</span> <span class='ocrx_word' id='word_1_257' title='bbox 631 2057 841 2109; x_wconf 85' lang='lat' dir='ltr'>quoniam</span> <span class='ocrx_word' id='word_1_258' title='bbox 858 2059 904 2097; x_wconf 88' lang='lat' dir='ltr'>in</span> <span class='ocrx_word' id='word_1_259' title='bbox 924 2057 1154 2097; x_wconf 84' lang='lat' dir='ltr'>saeculum</span> <span class='ocrx_word' id='word_1_260' title='bbox 1175 2054 1427 2094; x_wconf 86' lang='lat' dir='ltr'>misericor-</span> 
     </span>
     <span class='ocr_line' id='line_1_33' title="bbox 121 2111 320 2151; baseline -0.005 0"><span class='ocrx_word' id='word_1_261' title='bbox 121 2111 196 2151; x_wconf 87' lang='lat' dir='ltr'>dia</span> <span class='ocrx_word' id='word_1_262' title='bbox 227 2116 320 2151; x_wconf 86' lang='lat' dir='ltr'>tua.</span> 
     </span>
    </p>
   </div>
   <div class='ocr_carea' id='block_1_5' title="bbox 206 2166 1426 2223">
    <p class='ocr_par' dir='ltr' id='par_1_5' title="bbox 206 2166 1426 2223">
     <span class='ocr_line' id='line_1_34' title="bbox 206 2166 1426 2223; baseline -0.002 -17"><span class='ocrx_word' id='word_1_263' title='bbox 206 2167 252 2207; x_wconf 83' lang='lat' dir='ltr'>C.</span> <span class='ocrx_word' id='word_1_264' title='bbox 272 2167 326 2206; x_wconf 92' lang='grc' dir='ltr'>ΙΙ.</span> <span class='ocrx_word' id='word_1_265' title='bbox 393 2166 580 2216; x_wconf 76' lang='lat' dir='ltr'>Quando</span> <span class='ocrx_word' id='word_1_266' title='bbox 602 2172 750 2208; x_wconf 87' lang='lat' dir='ltr'>autem</span> <span class='ocrx_word' id='word_1_267' title='bbox 763 2168 936 2209; x_wconf 88' lang='lat' dir='ltr'>sufficio</span> <span class='ocrx_word' id='word_1_268' title='bbox 952 2168 1107 2223; x_wconf 83' lang='lat' dir='ltr'>lingua</span> <span class='ocrx_word' id='word_1_269' title='bbox 1119 2166 1276 2207; x_wconf 83' lang='lat' dir='ltr'>calami</span> <span class='ocrx_word' id='word_1_270' title='bbox 1295 2178 1426 2205; x_wconf 84' lang='lat' dir='ltr'>enun-</span> 
     </span>
    </p>
   </div>
  </div>
 </body>
</html>
