1473 2443
86 104 110 142 8
402 109 683 149 AURELII
713 111 1088 155 AUGUSTINI

86 189 203 227 enim
221 189 393 230 adtinet
412 192 469 232 ad
489 192 730 235 oblivionis
749 209 875 237 meae
892 199 1120 249 tenebras,
1134 212 1217 252 par
1232 201 1299 240 illi
1319 208 1402 252 est,

84 257 217 296 quam
239 246 333 286 vixi
356 245 406 287 in
426 249 581 288 matris
606 256 752 292 utero.
814 252 947 301 Quod
970 255 1009 294 si
1035 261 1080 295 et
1096 257 1142 295 in
1159 257 1399 310 iniquitate

81 306 327 353 conceptus
353 314 449 342 sum
482 303 576 352 (Ps.
602 305 669 356 51,
692 307 771 357 7.)‚
799 313 844 348 et
868 309 915 349 in
941 312 1142 363 peccatis
1167 325 1237 352 me
1256 318 1401 353 mater

77 367 180 394 mea
195 356 242 395 in
260 362 388 397 utero
409 358 541 410 aluit;
574 361 671 411 ubi,
700 374 779 402 oro
799 369 859 414 te,
877 363 1002 406 Deus
1020 379 1168 417 meus,
1194 368 1285 418 ubi,
1305 368 1398 409 Do-

77 411 218 461 mine,
247 424 332 465 ego
360 425 517 454 servus
534 421 660 467 tuus,
685 418 762 458 ubi
780 425 857 460 aut
874 422 1051 474 quando
1071 423 1290 463 innocens
1305 424 1399 464 fui‘ss

79 465 170 506 Sed
188 479 293 506 ecce
316 469 474 509 omitto
492 470 605 511 illud
629 480 822 527 tempus.
864 475 923 516 Et
941 477 1048 530 quid
1064 478 1175 519 mihi
1188 480 1281 520 iam
1299 493 1399 520 cum

79 534 131 560 00
154 528 236 571 est,
258 525 384 564 cuius
402 525 528 566 nulla
543 529 740 582 vestigia
752 531 938 573 recolo?

149 578 193 617 C.
213 577 330 619 VIII.
384 579 1397 644 Nonneabinfantiahucpergensveniinpue-

76 634 245 684 ritiam3
277 636 351 676 vel
374 637 527 688 potius
551 639 651 692 ipsa
673 641 719 680 in
743 654 813 682 me
838 645 982 695 venit,
1012 650 1057 685 et
1082 648 1306 687 successit
1329 649 1394 687 in-

74 688 271 730 santiae}
299 690 394 731 Nec
412 692 624 735 discessit
635 697 735 748 illa3
768 711 855 751 quo
877 700 994 740 enim
1014 701 1151 741 abiit'.t
1182 708 1227 742 et
1242 708 1395 744 tamen

74 745 161 783 iam
185 758 275 785 non
293 752 403 788 erat.
462 748 564 790 Non
580 753 698 792 enim
717 765 839 794 eram
855 755 1003 796 infans
1017 786 1028 806 ‚
1054 757 1237 809 quinon
1254 758 1391 809 farer,

72 799 155 839 sed
172 800 262 840 iam
278 814 390 854 puer
406 803 597 857 loquens
617 820 753 848 eram.
793 810 851 850 Et
867 812 1051 852 memini
1069 812 1175 864 hoc3
1210 819 1256 853 et
1272 815 1390 855 unde

69 854 198 908 loqui
231 857 467 899 didicerim
499 868 604 913 post
634 864 823 906 adverti.
881 865 985 907 Non
1020 868 1138 908 enim
1164 869 1390 911 docebant

69 923 139 950 me
177 913 373 954 maiores
410 914 613 958 homines
646 920 917 972 praebentes
949 921 1062 963 mihi
1092 924 1230 964 verba
1263 932 1388 966 certo

68 966 221 1020 aliquo
241 970 399 1010 ordine
418 971 666 1024 doctrinae,
686 976 805 1017 sicut
820 978 954 1030 paulo
974 984 1079 1031 post
1095 979 1273 1021 literas:
1307 982 1389 1021 sed

68 1035 154 1076 ego
174 1024 272 1076 ipse
290 1032 438 1066 mente
451 1058 461 1076 ,
487 1042 617 1081 quam
637 1030 804 1072 dedisti
821 1032 954 1084 mihi,
980 1034 1106 1075 Deus
1124 1047 1266 1087 meus,
1287 1050 1388 1077 cum

65 1080 309 1131 gemitibus
350 1087 395 1121 et
433 1085 621 1125 vocibus
654 1087 814 1138 variis,
851 1094 897 1129 et
919 1091 1058 1130 variis
1082 1092 1388 1133 membrorum

62 1135 260 1175 motibus
289 1137 423 1177 edere
447 1140 609 1180 vellem
633 1154 768 1183 sensa
786 1145 940 1185 cordis
957 1146 1069 1196 mei,
1092 1151 1143 1186 ut
1159 1147 1388 1188 voluntati

63 1197 319 1243 pareretur,
357 1205 441 1233 nec
474 1196 674 1236 valerem
709 1211 822 1251 quae
858 1200 1064 1241 volebam
1100 1203 1269 1254 omnia,
1300 1216 1384 1244 nec

64 1246 225 1298 quibus
263 1248 471 1288 volebam
507 1253 736 1304 omnibus,
776 1257 1108 1307 praesonabam
1146 1260 1380 1300 memoria.

63 1301 172 1341 Cum
195 1303 283 1355 ipsi
303 1305 592 1357 appellabant
615 1321 711 1349 rem
737 1309 932 1364 aliquam
952 1318 997 1352 et
1015 1325 1115 1352 cum
1134 1314 1382 1354 secundum

62 1369 160 1396 eam
183 1371 342 1399 vocem
368 1373 530 1414 corpus
551 1364 607 1403 ad
625 1365 796 1418 aliquid
814 1368 1077 1419 movebant,
1103 1369 1315 1409 videbam
1334 1378 1380 1411 et

59 1413 268 1453 tenebam
286 1413 372 1455 1100
391 1416 444 1456 ab
466 1418 531 1458 cis
550 1422 706 1460 vocari
722 1433 816 1461 rem
833 1423 979 1473 illam,
1000 1424 1122 1477 quod
1140 1426 1378 1476 sonabant,

59 1480 161 1507 cum
197 1482 293 1509 eam
327 1471 497 1512 vellent
525 1476 782 1518 ostendere.
839 1479 943 1518 Hoc
962 1485 1110 1520 autem
1138 1492 1217 1520 eos
1242 1481 1376 1532 velle,

59 1536 114 1563 ex
129 1530 252 1565 motu
271 1528 477 1579 corporis
496 1531 800 1583 aperiebatur,
821 1538 1049 1587 tamquam
1072 1536 1223 1576 verbis
1250 1541 1376 1577 natu-

55 1580 228 1619 ralibus
266 1583 463 1622 omnium
499 1588 721 1638 gentium,
756 1602 870 1641 quae
905 1591 1018 1630 fiunt
1051 1591 1177 1631 vultu
1203 1597 1249 1631 et
1265 1598 1376 1634 nutu

57 1635 308 1686 oculorum,
335 1644 707 1694 caeterorumque
726 1645 1026 1685 membrorum
1054 1653 1154 1685 actu
1167 1677 1177 1696 ‚
1192 1652 1237 1686 et
1255 1649 1374 1687 soni-

54 1697 103 1729 tu
144 1692 268 1731 vocis
311 1692 540 1735 indicante
575 1697 868 1739 affectionem
901 1701 1039 1739 animi
1068 1702 1115 1739 in
1146 1703 1372 1754 petendis,

54 1743 295 1796 habendis,
322 1749 606 1802 reficiendis,
631 1752 921 1806 fugiendisve
938 1756 1088 1796 rebus.
1147 1757 1216 1796 lta
1234 1758 1375 1798 verba

50 1801 98 1839 in
117 1803 252 1842 variis
271 1806 509 1845 sententiis
527 1807 642 1848 locis
662 1810 755 1848 suis
774 1811 939 1862 posita,
957 1816 1002 1850 et
1020 1811 1179 1852 crebro
1201 1813 1369 1864 audita,

52 1869 240 1909 quarum
271 1869 422 1899 rerum
454 1862 585 1914 signa
617 1870 788 1915 essent,
829 1866 1048 1918 paulatim
1082 1868 1368 1921 colligebam,

48 1924 264 1965 measque
296 1914 386 1954 iam
417 1917 674 1959 voluntates
711 1920 909 1961 edomito
942 1922 989 1960 in
1024 1922 1089 1962 eis
1118 1925 1261 1976 signis
1290 1937 1368 1964 ore

47 1979 131 2020 per
147 1966 260 2008 haec
279 1971 586 2014 enunciabam.
641 1974 716 2015 Sic
735 1988 834 2015 cum
852 1975 943 2026 his,
961 1977 1080 2017 inter
1097 1991 1209 2031 quos
1230 1992 1366 2030 eram,

48 2023 332 2064 voluntatum
365 2029 747 2070 enunciandarum
779 2032 910 2085 signa
938 2035 1285 2085 communicavi,
1321 2041 1368 2075 et

47 2079 168 2119 vitae
188 2079 407 2121 humanae
426 2085 733 2134 procellosam
752 2089 1020 2127 societatem
1040 2089 1173 2129 altius
1192 2090 1365 2144 ingres-

47 2148 123 2174 sus
149 2149 267 2186 sum,
295 2137 496 2188 pendens
523 2152 578 2181 ex
594 2148 830 2194 parentum
848 2144 1140 2195 auctoritate,
1165 2153 1364 2199 nutuque

45 2192 267 2232 maiorum
286 2191 529 2235 hominum.
