1514 2438
272 126 814 173 CONFESSIONUM
843 126 1053 168 LIBER
1083 126 1164 166 XI.
1296 125 1375 165 213

57 221 130 274 qui
165 222 332 272 potest.
392 215 491 268 Ego
522 213 716 255 fidenter
740 225 796 254 ex
823 211 1010 253 oraculo
1036 215 1117 251 tuo
1147 210 1374 251 clamabo:

59 275 203 327 Quam
226 270 515 326 magmficata
531 277 634 310 sant
652 282 784 322 opera
803 276 898 317 tua,
918 266 1134 308 Domine!
1165 266 1311 307 omnia
1328 264 1375 305 in

55 329 271 385 sapientia
276 327 444 386 fecisti.
466 325 560 377 (Ps.
582 326 674 375 104,
694 326 799 377 24.).
858 325 917 365 Et
931 324 1012 364 illa
1029 323 1313 377 principium,
1334 327 1380 362 et

58 389 106 428 in
124 400 178 428 eo
200 385 422 441 principio
441 383 597 424 fecisti
614 382 793 422 coelum
812 386 858 421 et
872 387 1054 422 terram.

143 444 190 484 C.
211 442 265 483 X.
325 440 486 483 Nonne
507 451 613 480 ecce
633 438 757 493 pleni
774 443 880 478 sunt
895 436 1137 479 vetustatis
1158 447 1282 484 suae,
1303 435 1381 488 qui

56 500 190 540 nobis
217 499 392 538 dicunt:
426 496 580 547 „Quid
597 494 799 537 faciebat
813 493 961 543 Deus,
986 498 1091 533 ante
1111 505 1243 546 quam
1260 490 1381 531 face-

57 562 130 596 ret
148 555 327 596 coelum
346 559 393 594 et
410 551 605 595 ten-amit
638 550 687 592 Si
705 552 824 591 enim
842 549 1055 599 vacabat,
1080 549 1311 602 inquiunt,
1337 553 1383 586 et

61 625 154 653 non
179 609 453 664 operabatur
479 608 675 661 aliquid,
697 620 776 648 cur
801 620 894 648 non
911 606 977 646 sic
995 617 1176 658 semper
1194 608 1240 644 et
1258 603 1381 643 dein-

66 680 193 721 ceps,
220 664 600 721 quemadmodum
623 670 746 704 retro
773 675 951 717 semper
975 661 1172 702 cessavit
1196 660 1249 699 ab
1277 671 1382 713 ope-

63 724 139 764 re3
172 723 221 767 Si
239 723 359 765 enim
376 722 492 763 ullus
513 726 662 760 motus
681 721 726 760 in
743 719 844 759 Deo
866 731 1009 760 novus
1031 717 1222 766 exstitit,
1244 720 1289 756 et
1306 728 1382 755 vo-

61 781 211 821 luntas
232 791 368 828 nova,
389 783 440 818 ut
457 782 712 817 creaturam
731 775 969 824 conderet,
991 786 1124 827 quam
1142 784 1385 826 numquam

62 842 167 877 ante
192 835 482 883 condiderat,
511 846 600 886 quo
622 831 760 873 modo
778 832 867 871 iam
886 843 995 871 vera
1012 829 1283 878 aeternitas,
1306 828 1387 868 ubi

63 893 208 933 oritur
225 891 452 940 voluntas,
474 902 588 942 quae
605 902 696 929 non
716 887 839 928 erat?
858 886 1016 940 Neque
1038 886 1155 925 enim
1172 884 1386 924 voluntas

60 948 150 989 Dei
167 953 379 990 creatura
396 950 479 996 est,
501 945 583 986 sed
603 950 706 985 ante
727 948 1002 994 creaturam3
1028 941 1134 996 quia
1150 952 1241 980 non
1261 952 1386 980 crea-

61 1010 189 1047 retur
202 1003 389 1057 aliquid,
404 1003 494 1043 nisi
508 1001 729 1043 creatoris
742 1000 952 1042 voluntas
963 997 1279 1052 praecederet.
1319 998 1386 1038 Ad

57 1062 205 1114 ipsam
238 1073 348 1114 ergo
376 1059 466 1100 Dei
491 1059 792 1100 substantiam
812 1055 1014 1110 pertinet
1032 1054 1244 1095 voluntas
1269 1053 1382 1095 eius.

61 1117 197 1165 Quod
219 1117 259 1156 si
278 1121 487 1157 exortum
507 1120 577 1155 est
597 1114 770 1167 aliquid
785 1113 833 1153 in
850 1111 939 1152 Dei
956 1110 1233 1161 substantia,
1262 1110 1385 1164 quod

58 1173 184 1227 prius
204 1185 296 1214 non
317 1177 430 1222 erat,
446 1184 538 1211 uon
557 1170 781 1211 veraciter
799 1168 966 1210 dicitur
985 1167 1266 1209 aeternailla
1284 1167 1387 1207 sub-

60 1229 242 1271 stantia.
305 1227 355 1269 Si
381 1233 530 1270 autem
556 1227 767 1269 voluntas
784 1224 877 1266 Dei
894 1225 1172 1278 sempiterna
1192 1229 1311 1272 erat,
1337 1228 1388 1264 ut

62 1291 186 1326 esset
204 1290 428 1333 creatura,
451 1297 529 1324 cur
547 1296 637 1324 non
656 1284 933 1335 sempiterna
951 1286 996 1321 et
1014 1278 1285 1321 creaturaCW

146 1341 193 1381 C.
212 1341 291 1381 XI.
353 1340 440 1388 Qui
459 1339 571 1380 haec
592 1340 761 1388 dicunt,
778 1337 978 1378 nondum
993 1341 1040 1376 te
1057 1336 1336 1388 intelligunt,
1360 1347 1385 1375 ο

63 1397 289 1450 sapientia
319 1395 430 1445 Dei,
474 1395 555 1436 lux
594 1394 831 1444 mentium3
875 1392 1074 1432 nondum
1106 1390 1386 1444 intelligunt,

64 1466 152 1507 quo
172 1452 307 1492 modo
329 1451 439 1491 fiant
463 1463 578 1504 quae
605 1462 686 1503 per
711 1454 757 1489 te
778 1454 912 1502 atque
935 1448 982 1488 in
1005 1453 1051 1488 te
1075 1447 1208 1497 fiunt,
1243 1453 1290 1487 et
1313 1458 1388 1488 co-

62 1514 226 1550 nantur
260 1513 448 1548 aeterna
481 1518 666 1559 sapere;
697 1505 779 1546 sed
812 1502 960 1545 adhuc
985 1505 1031 1544 in
1054 1503 1317 1557 praeteritis
1343 1508 1390 1543 et

62 1565 231 1606 futuris
262 1576 414 1604 rerum
443 1563 643 1603 motibus
670 1574 750 1602 cor
774 1573 931 1602 eorum
951 1560 1135 1610 volitat,
1175 1565 1220 1600 et
1240 1557 1388 1599 adhuc

63 1634 227 1661 vanum
246 1625 329 1660 est.
393 1619 504 1668 Quis
523 1618 700 1659 tenebit
714 1617 849 1667 illud,
872 1623 917 1658 et
935 1616 1046 1670 figet
1061 1615 1196 1667 illud,
1214 1620 1266 1656 ut
1281 1627 1388 1668 pau·

62 1678 205 1718 lulum
239 1681 351 1726 stet,
386 1681 432 1716 et
462 1675 695 1729 paululum
719 1675 869 1727 rapiat
892 1672 1183 1728 splendorem
1209 1684 1390 1725 semper

64 1733 229 1773 stantis
269 1732 576 1781 aeternitatis,
612 1736 658 1771 et
699 1736 933 1783 comparet
967 1741 1069 1769 cum
1102 1728 1387 1781 temporibus

63 1801 307 1841 numquam
330 1789 579 1837 stantibus,
606 1793 652 1827 et
670 1787 822 1827 videat
841 1798 943 1826 esse
960 1785 1386 1838 incomparabilem3

65 1850 111 1885 et
124 1844 278 1884 videat
295 1844 483 1898 longum
499 1849 690 1897 tempus,
707 1843 794 1883 nisi
815 1855 870 1882 ex
887 1842 1039 1883 multis
1057 1841 1386 1895 praetereunti-

63 1902 148 1942 bus
166 1900 387 1950 motibus,
413 1900 491 1953 qui
508 1899 642 1940 simul
661 1899 845 1939 extendi
862 1911 954 1939 non
971 1902 1182 1951 possunt,
1201 1898 1390 1950 longum

64 1969 155 1996 non
188 1956 306 2006 fieri3
336 1968 427 1995 non
454 1961 605 1996 autem
628 1957 879 2009 praeterire
905 1954 1151 2009 quidquam
1173 1954 1220 1992 in
1243 1957 1388 1992 aeter-

66 2024 140 2061 110,
161 2011 243 2052 sed
259 2016 407 2051 totum
427 2023 528 2051 esse
547 2024 784 2065 praesens3
809 2011 982 2052 nullum
998 2022 1107 2052 vero
1126 2016 1305 2061 tempus
1318 2012 1387 2047 to-

65 2074 162 2106 tum
185 2080 286 2108 esse
310 2079 548 2120 praesens;
581 2076 627 2107 et
645 2067 799 2108 videat
819 2079 950 2107 omne
971 2066 1270 2120 praeteritum
1286 2075 1388 2116 pro-

66 2123 178 2176 pelli
195 2136 251 2164 ex
267 2122 438 2173 futuro,
453 2127 497 2162 et
516 2135 646 2163 omne
664 2123 867 2164 futurum
886 2136 943 2164 ex
957 2121 1209 2176 praeterito
1230 2130 1388 2159 conse-

69 2179 166 2231 qui,
201 2184 246 2219 et
281 2191 412 2219 omne
445 2181 741 2231 praeteritum
775 2192 828 2219 ac
849 2179 1051 2219 futurum
1075 2178 1130 2216 ab
1155 2187 1232 2225 eo,
1267 2175 1391 2227 quod

69 2246 247 2288 semper
265 2240 335 2276 est
345 2246 576 2290 praesens,
591 2235 737 2275 creari
749 2240 794 2275 et
805 2245 1047 2275 excurrere
1056 2232 1073 2272 ’ἒ
1093 2232 1203 2281 Quis
1215 2231 1391 2271 tenebit
