1514 2438
231 144 762 190 CONFESSIONUM
790 145 998 188 LIBER
1027 143 1111 186 IX.
1258 143 1334 184 155

11 236 140 285 buat,
189 234 228 275 si
260 234 400 276 verbo
434 232 532 273 eius
575 231 694 273 alius
739 233 1019 287 corrigatur,
1069 241 1202 285 quem
1243 229 1336 270 vult

13 290 200 345 corrigi.

99 347 145 387 C.
170 346 247 387 IX.
305 345 511 385 Educata
531 344 686 397 itaque
709 343 874 399 pudice
894 356 946 384 ac
965 343 1141 393 sobrie,
1163 342 1338 396 potius-

21 415 106 459 que
129 415 156 444 a
176 407 223 444 te
246 402 426 443 subdita
448 400 732 455 parentibus,
758 413 891 455 quam
913 413 939 440 a
954 400 1220 454 parentibus
1236 399 1338 448 tibi,

19 461 98 501 ubi
113 459 258 514 plenis
275 459 404 499 annis
422 457 590 499 nubilis
608 456 733 498 facta
750 462 835 507 est,
849 457 1019 497 tradita
1034 456 1133 497 viro
1153 456 1343 500 servivit

18 517 162 557 veluti
180 515 382 566 domino,
402 519 449 555 et
470 514 641 568 sategit
658 525 761 554 eum
777 513 946 554 lucrari
965 512 1063 562 tibi,
1082 512 1275 566 loquens
1293 516 1340 551 te

18 572 90 613 illi
111 572 310 612 moribus
334 573 450 621 suis,
475 570 638 625 quibus
665 582 764 610 eam
787 568 1022 624 pulchram
1044 567 1271 618 faciebas,
1297 573 1343 608 et

20 634 280 670 reverenter
302 628 544 668 amabilem
568 631 704 681 atque
728 625 984 666 mirabilem
1006 624 1120 665 viro.
1180 624 1250 663 lta
1267 636 1342 664 au-

19 689 112 725 tem
141 684 357 725 toleravit
392 683 555 724 cubilis
585 683 797 732 iniurias,
831 687 882 722 ut
904 681 1079 722 nullam
1103 680 1158 721 de
1182 679 1267 720 hac
1290 692 1340 720 re

19 752 117 782 curn
134 742 298 783 marito
319 739 510 781 haberet
528 752 738 793 umquam
759 738 1050 779 simultatem.
1091 737 1341 790 Exspecta-

14 801 91 840 bat
124 799 244 839 enim
273 796 639 837 misericordiam
670 800 796 835 tuam
831 806 968 847 super
997 806 1120 843 eum,
1153 799 1203 833 ut
1224 794 1271 833 in
1295 799 1340 833 te

16 855 205 896 credens
225 853 573 894 castificaretur.
611 851 722 891 Erat
737 862 847 891 vero
866 850 945 890 ille
963 854 1206 902 praeterea
1223 849 1342 890 sicut

13 910 337 953 benevolentia
354 909 642 963 praecipuus,
660 908 726 947 ita
743 909 812 946 ira
830 906 1048 947 fervidus.
1096 905 1188 947 Sed
1205 917 1341 946 nove-

15 973 86 1008 vat
104 966 218 1007 haec
239 978 331 1006 non
354 964 573 1005 resistere
596 965 715 1005 irato
740 963 861 1013 viro,
886 975 977 1002 non
1001 967 1177 1002 tantum
1200 961 1341 1012 facto,

17 1023 99 1064 sed
121 1035 177 1063 ne
200 1022 341 1063 verbo
367 1021 562 1075 quidem.
621 1019 715 1060 Iam
737 1031 846 1059 vero
870 1017 1071 1060 refracto
1100 1023 1146 1058 et
1169 1019 1341 1071 quieto,

17 1093 116 1120 cum
133 1083 436 1134 opportunum
451 1076 642 1126 videret,
656 1075 885 1116 rationem
896 1074 1007 1116 facti
1019 1075 1089 1115 sui
1102 1074 1342 1125 reddebat,

15 1138 53 1178 si
71 1135 192 1176 forte
211 1135 290 1176 ille
308 1132 694 1174 inconsideratius
714 1137 968 1172 commotus
987 1130 1153 1172 fuerat.
1203 1130 1342 1171 Deni-

16 1205 101 1246 que
118 1205 218 1233 cum
235 1196 472 1231 matronae
490 1189 677 1239 multae,
692 1201 880 1242 quarum
898 1188 985 1227 viri
1003 1188 1341 1228 mansuetiores

16 1254 159 1299 erant,
177 1249 414 1302 plagarum
430 1245 631 1300 vestigia
648 1245 785 1285 etiam
805 1243 1110 1285 dehonestata
1126 1243 1247 1285 facie
1267 1256 1342 1298 ge-

12 1311 187 1356 rerent,
207 1306 327 1345 inter
345 1303 491 1343 amica
508 1302 742 1355 colloquia
759 1301 866 1340 illae
886 1302 1141 1354 arguebant
1157 1301 1342 1340 marito-

13 1375 114 1404 rum
144 1362 304 1411 vitam,
336 1358 452 1400 haec
487 1371 642 1400 earum
665 1357 890 1410 linguam,
921 1357 1065 1397 veluti
1086 1368 1168 1410 per
1189 1357 1343 1396 iocum

15 1419 216 1474 graviter
234 1417 504 1466 admonens,
530 1427 587 1455 ex
605 1426 693 1468 quo
712 1413 816 1453 illas
835 1413 1036 1463 tabulas,
1056 1425 1171 1466 quae
1189 1412 1342 1452 matri-

13 1474 239 1516 moniales
262 1476 503 1522 vocantur,
529 1470 718 1511 recitari
742 1469 997 1518 audissent,
1026 1473 1254 1522 tamquam
1275 1469 1342 1508 in—

16 1534 286 1580 strumenta,
321 1528 483 1582 quibus
517 1526 711 1568 ancillae
734 1524 884 1565 factae
914 1530 1088 1576 essent,
1123 1525 1342 1579 deputare

16 1587 250 1637 debuisse3
283 1584 477 1638 proinde
514 1594 741 1625 memores
782 1581 1063 1622 conditionis
1102 1581 1340 1635 superbire

14 1644 233 1685 adversus
259 1641 468 1684 dominos
493 1653 585 1680 non
610 1643 841 1693 oportere.
903 1637 1102 1691 Cumque
1125 1638 1341 1678 miraren-

13 1706 87 1741 tur
108 1699 237 1749 illae,
271 1698 470 1740 scientes
495 1709 629 1750 quam
650 1694 855 1735 ferocem
879 1694 1122 1748 coniugem
1147 1695 1340 1735 sustine-

13 1761 105 1806 ret,
124 1767 366 1809 numquam
382 1752 526 1794 fuisse
547 1752 770 1801 auditum,
790 1755 869 1791 aut
887 1750 1040 1805 aliquo
1058 1750 1230 1792 indicio
1251 1750 1339 1791 cla-

13 1812 182 1862 ruisse,
222 1810 345 1865 quod
362 1809 586 1851 Patricius
606 1806 828 1849 ceciderit
844 1819 1054 1857 uxorem,
1079 1812 1158 1847 aut
1176 1807 1299 1862 quod
1316 1819 1343 1847 a

16 1881 64 1909 se
76 1869 272 1908 invicem
283 1866 357 1907 vel
367 1879 504 1906 unum
517 1865 637 1906 diem
651 1863 906 1905 domestica
922 1863 1004 1904 lite
1024 1863 1340 1913 dissenserint,

17 1929 62 1965 et
80 1935 264 1964 causam
279 1922 569 1964 familiariter
587 1924 880 1975 quaererent,
902 1919 1099 1960 docebat
1113 1919 1194 1961 illa
1210 1920 1338 1960 insti-

14 1986 161 2020 tutum
186 1992 336 2029 suum,
363 1978 485 2032 quod
503 1990 639 2032 supra
654 1976 918 2017 memoravi.
981 1975 1108 2025 Quae
1128 1976 1339 2017 observa-

13 2036 137 2086 bant,
157 2040 372 2090 expertae
393 2033 754 2088 gratulabantur3
776 2044 890 2087 quae
908 2043 1000 2072 non
1019 2032 1339 2081 observabant,

16 2092 250 2133 subiectae
278 2090 574 2131 vexabantur.
635 2088 825 2130 Socrum
850 2088 988 2129 etiam
1012 2101 1157 2138 suam,
1191 2089 1337 2141 primo

17 2149 234 2188 susurriis
256 2147 475 2187 malarum
499 2145 768 2186 ancillarum
790 2145 1007 2185 adversus
1032 2157 1080 2185 se
1098 2145 1337 2192 irritatam,

18 2205 85 2245 sic
100 2204 211 2244 vicit
228 2203 476 2257 obsequiis,
491 2214 788 2257 perseverans
801 2200 1052 2241 tolerantia
1069 2205 1114 2241 et
1133 2210 1337 2240 mansue-

18 2259 195 2312 tudine,
219 2265 269 2301 ut
289 2260 371 2302 illa
394 2260 514 2301 ultro
539 2258 634 2300 filio
661 2270 743 2300 suo
762 2256 935 2300 medias
953 2256 1133 2312 linguas
1151 2254 1339 2297 famula·
