1473 2443
81 104 137 144 fis
402 98 676 139 AURELII
707 98 1079 140 AUGUSTINI

79 185 171 219 tem
206 179 330 219 aliud
365 194 508 236 genus
544 181 775 223 hominum
805 185 940 224 etiam
961 184 1202 224 veritatem
1227 180 1395 222 habere

81 240 360 287 suspectam,
397 243 443 277 et
466 238 508 277 ei
531 239 654 278 nolle
679 239 993 292 adquiescere,
1028 241 1063 279 si
1085 244 1234 279 comto
1262 243 1395 291 atque

80 291 211 330 uberi
229 303 439 332 sermone
458 300 756 345 promeret-ur.
787 295 862 335 Me
882 301 1030 335 autem
1050 296 1140 334 iam
1158 295 1396 343 docueras,

78 344 205 385 Deus
224 359 366 396 meus,
379 349 505 388 miris
517 354 562 388 et
580 350 772 390 occultis
790 351 958 401 modis3
980 356 1025 391 et
1042 356 1286 404 propterea
1305 361 1398 388 cre-

82 401 139 440 do
178 402 300 453 quod
331 407 381 442 tu
398 416 468 443 me
494 405 728 455 docueris,
764 407 977 459 quoniam
1005 419 1161 446 verum
1192 410 1282 454 est,
1315 416 1400 443 nec

82 457 319 509 quisquam
336 465 519 512 praeter
537 465 581 500 te
600 461 714 501 alius
734 467 804 501 est
821 461 984 502 doctor
1000 462 1111 510 veri,
1128 461 1399 512 ubicumque

84 518 129 551 et
153 512 465 567 undecumque
487 516 716 556 claruerit.
777 517 879 556 lam
913 529 1037 571 ergo
1068 517 1158 556 abs
1185 522 1236 556 te
1267 515 1400 555 didi-

85 580 279 618 ceram,
321 582 421 610 nec
457 583 515 611 eo
555 571 750 611 debere
782 572 954 612 videri
983 572 1193 626 aliquid
1223 583 1403 610 verum

86 623 211 672 dici,
243 626 364 677 quia
389 626 710 680 eloquenter
734 628 950 678 dicitur3
986 641 1079 667 nec
1103 640 1163 667 eo
1194 626 1401 675 falsum,

86 680 208 731 quia
231 680 589 733 incomposite
610 689 800 723 sonant
823 684 974 736 signa
991 683 1271 732 labiorum3
1295 694 1403 720 rur-

87 748 196 784 sus,
232 748 327 776 nec
360 737 480 777 ideo
507 751 706 788 verum,
741 740 864 791 quia
889 739 1130 791 impolite
1161 738 1402 777 enuntia-

84 796 188 841 tur3
221 804 315 830 nec
344 793 464 833 ideo
489 793 702 843 falsum,
735 795 857 848 quia
885 794 1200 847 splendidus
1234 805 1402 832 sermo

88 851 185 885 est:
206 859 258 886 se
274 847 301 886 d
318 849 538 900 perinde
561 862 677 889 esse
698 851 1014 902 sapientiam
1034 855 1083 889 et
1101 849 1404 897 stultitiam,

87 902 163 940 sic
178 908 231 941 ut
283 910 403 944 sunt
453 905 560 944 cibi
605 905 771 945 utiles
817 911 868 945 et
916 906 1164 955 inutiles3
1225 904 1405 943 verbis

86 962 258 997 autem
284 961 491 999 ornatis
519 966 572 1000 et
593 962 886 1010 inornatis,
915 962 1055 1000 sicut
1082 960 1228 1000 vasis
1255 959 1406 999 urba-

84 1013 165 1051 nis
185 1018 236 1052 et
259 1016 574 1064 rusticanis,
599 1021 861 1069 utrosque
888 1017 1036 1056 cibos
1063 1028 1228 1068 posse
1253 1015 1407 1054 mini-

85 1069 267 1108 strari.
310 1070 455 1123 Igitur
469 1071 661 1111 aviditas
679 1084 795 1122 mea,
814 1085 902 1125 qua
917 1072 1045 1111 illum
1062 1076 1190 1111 tanto
1201 1076 1407 1123 tempore

86 1129 460 1176 exspectaveram
481 1125 724 1177 hominem,
746 1127 1060 1167 delectabatur
1082 1127 1264 1179 quidem
1281 1130 1410 1165 motu

87 1179 363 1234 adfectuque
383 1182 677 1235 disputantis,
703 1188 749 1222 et
765 1183 915 1222 verbis
937 1182 1317 1236 congruentibus,
1345 1188 1407 1220 at-

88 1247 175 1288 que
210 1235 266 1275 ad
301 1238 561 1278 vestiendas
596 1239 846 1278 sententias
885 1237 1022 1278 facile
1062 1237 1408 1277 occurrentibus

89 1291 550 1343 (delectabarautem,
565 1299 610 1333 et
629 1307 727 1333 cum
746 1294 1000 1342 multis,vel.
1016 1295 1152 1334 etiam
1170 1305 1278 1345 prae
1297 1292 1409 1332 mul-

86 1347 145 1386 tis
171 1347 413 1388 laudabam
439 1362 491 1389 ac
516 1348 803 1401 effe1·ebam);
836 1350 918 1389 sed
942 1350 1136 1388 moleste
1166 1347 1404 1396 habebam,

88 1402 211 1455 quod
228 1403 274 1442 in
293 1411 428 1444 coetu
446 1405 725 1445 audientium
744 1418 835 1445 non
853 1406 1029 1445 sinerer
1046 1406 1115 1445 illi
1133 1405 1345 1457 ingerere
1366 1408 1412 1443 ct

86 1458 249 1511 partiri
268 1472 367 1499 cum
387 1472 440 1500 eo
463 1473 593 1500 curas
614 1462 931 1514 quaestionum
948 1474 1151 1500 mearum
1174 1459 1412 1500 conferen-

89 1515 148 1553 do
165 1513 527 1565 familiariter,et
537 1517 803 1569 accipiendo
815 1530 866 1557 ac
884 1517 1117 1556 reddendo
1140 1526 1410 1556 sermonem.

90 1570 224 1617 Quod
252 1571 326 1610 ubi
345 1573 493 1623 potui,
520 1577 566 1612 et
583 1584 716 1612 aures
738 1573 833 1612 eius
855 1586 954 1612 cum
972 1571 1278 1611 familiaribus
1297 1570 1411 1611 meis

88 1636 234 1676 eoque
250 1630 455 1678 tempore
476 1640 700 1680 occupare
721 1628 866 1681 coepi,
880 1640 967 1680 quo
980 1640 1071 1667 non
1090 1626 1336 1665 dedeceret
1350 1625 1412 1664 al-

86 1680 230 1720 ternis
257 1681 502 1732 disserere,
523 1689 568 1722 et
586 1684 756 1735 protuli
777 1683 1013 1735 quaedam,
1040 1694 1153 1734 quae
1173 1693 1243 1721 me
1262 1693 1412 1720 move-

86 1735 215 1786 bant3
250 1743 465 1789 expertus
491 1752 589 1777 sum
625 1739 749 1791 prius
780 1737 1009 1777 hominem
1039 1743 1273 1790 expertem
1301 1737 1412 1775 libe-

85 1791 250 1831 ralium
275 1793 636 1845 disciplinarum,
666 1794 755 1833 nisi
785 1793 1127 1846 grammaticae,
1159 1798 1293 1845 atque
1314 1792 1411 1831 eius

86 1847 230 1899 ipsius
242 1849 413 1888 usitato
423 1849 575 1889 modo.
607 1850 665 1888 Et
682 1850 786 1901 quia
799 1850 978 1902 legerat
991 1849 1166 1901 aliquas
1176 1848 1413 1888 Tullianas

88 1906 341 1956 orationes,
357 1910 403 1944 et
418 1906 719 1957 paucissimos
730 1904 932 1945 Senecae
952 1904 1111 1954 libros,
1132 1909 1177 1944 et
1194 1901 1414 1943 nonnulla

87 1963 345 2012 poetarum,
372 1965 418 1999 et
434 1972 543 2000 suae
565 1966 733 2009 sectae,
754 1961 793 2000 si
812 1973 899 2013 qua
916 1960 1149 2000 volumina
1164 1959 1333 2000 Latine
1348 1964 1412 1998 at-

89 2029 176 2068 que
196 2017 450 2069 composite
471 2017 730 2068 conscripta
749 2023 891 2066 erant,
905 2022 950 2056 et
968 2016 1073 2069 quia
1088 2015 1247 2054 aderat
1263 2015 1412 2062 quoti-

91 2073 226 2112 diana
238 2072 575 2112 sermocinandi
593 2072 880 2112 exercitatio:
906 2072 1011 2111 inde
1032 2069 1301 2122 suppetebat
1319 2069 1410 2108 elo-

91 2129 265 2182 quium,
291 2127 412 2180 quod
431 2127 569 2166 fiebat
597 2127 828 2179 acceptius
846 2128 1081 2180 magisque
1099 2125 1409 2165 seductorium

92 2184 401 2224 moderamine
412 2184 586 2237 ingenii
599 2188 644 2222 et
663 2183 857 2235 quodam
876 2183 1032 2235 lepore
1051 2181 1261 2222 naturali.
1323 2180 1408 2219 lta-
