1514 2438
1349 129 1376 158 ’ν’

48 210 182 260 quae
248 209 460 244 sensum
520 196 737 265 saepius
791 193 1061 249 turbarent
1116 198 1373 267 expulsis.

45 261 198 313 Hanc
242 280 354 314 rem
385 279 489 313 non
518 263 694 316 ubivis
722 265 868 317 facili
899 269 1114 335 negotio
1146 268 1374 334 absolvi,

47 333 175 382 satis
221 340 453 397 constat,
503 345 556 384 et
598 337 772 404 magis
812 347 1036 404 apparet
1062 339 1117 388 in
1148 348 1375 390 tractan-

49 400 111 450 do
148 401 431 469 scriptore,
474 403 589 472 qui,
634 414 692 454 ut
730 416 874 456 recte
926 407 1033 456 iam
1071 406 1201 459 Des.
1240 409 1375 459 Era-

44 487 186 520 smus
217 471 445 535 monuit,
482 471 682 536 „habet
705 491 857 525 suum
882 476 1144 544 quoddam
1166 477 1376 529 dicendi

44 556 239 607 genus,
263 551 503 608 argutum
530 551 579 593 et
603 543 842 612 periodis
865 545 918 593 in
941 544 1155 613 longum
1181 547 1375 615 produ-

45 610 137 658 ctis
160 606 326 659 multa
346 609 684 678 convolvens,
707 614 847 682 quod
868 611 1127 665 lectorem
1152 626 1203 666 et
1223 617 1376 667 fami-

46 676 234 728 liarem
267 688 317 728 et
349 689 557 731 acutum
590 692 641 732 et
664 692 917 733 attentum
943 693 994 733 et
1018 682 1154 735 bene
1177 704 1373 736 memo-

42 765 154 797 rem
198 750 441 816 requirit,
496 750 720 821 denique
764 750 968 803 laboris
1016 755 1373 821 patientem;“

43 818 132 884 qui
164 817 375 868 fervore
403 821 566 871 animi
597 820 784 872 ductus
818 840 879 872 ac
904 821 1072 873 ferme
1100 822 1372 892 abreptus,

40 884 195 935 Pauli
219 886 445 954 apostoli
470 890 654 952 instar,
680 889 818 941 haud
842 909 962 942 raro
984 891 1050 942 ab
1076 910 1180 943 uno
1207 895 1269 944 ad
1296 894 1371 944 al-

40 966 207 1004 terum
240 955 481 1007 celeriter
511 961 726 1022 transit,
764 960 935 1011 obiter
969 961 1036 1011 ad
1067 961 1255 1014 literas
1286 982 1370 1014 sa-

40 1041 157 1074 cras
191 1034 242 1075 et
270 1026 522 1092 profanas
545 1028 849 1098 frequenter
874 1029 1142 1094 alludens,
1168 1044 1224 1083 ut
1251 1052 1370 1083 ora-

39 1096 111 1143 tio
145 1111 420 1163 nexusque
455 1100 836 1150 sententiarum
868 1099 1057 1151 lectori
1086 1104 1258 1152 minus
1290 1114 1368 1153 at-

38 1174 182 1213 tento
231 1173 280 1214 et
328 1182 493 1232 gnaro
542 1185 921 1238 nonnunquam
950 1168 1043 1221 fiat
1077 1169 1369 1222 obscurior.

37 1231 118 1281 Ita
166 1232 444 1284 admodum
491 1240 852 1290 necessarium
907 1257 1025 1290 esse
1075 1241 1368 1302 videbatur,

38 1311 92 1350 ut
145 1301 310 1353 verba
357 1321 384 1352 e
426 1307 770 1374 scriptoribus
832 1312 999 1361 sacris
1052 1314 1253 1377 pariter
1308 1330 1369 1361 ac

36 1370 273 1436 profanis
306 1375 471 1438 petita
502 1386 553 1424 et
577 1379 713 1444 typis
739 1377 965 1447 obliquis
991 1388 1041 1429 et
1062 1379 1368 1430 auctoribus

36 1438 260 1490 laudatis
306 1451 632 1503 notarentur3
678 1448 1127 1514 interpunctiones
1175 1459 1366 1510 autem,

37 1507 215 1559 multis
255 1508 387 1561 locis
433 1530 721 1579 perversae
765 1535 827 1567 ac
870 1534 965 1584 per
998 1527 1075 1568 tot
1107 1518 1363 1569 editiones

36 1579 227 1628 vitiose
252 1593 594 1649 propagatae,
609 1595 733 1651 apte
758 1587 1178 1638 emendarentur.
1254 1587 1365 1638 Va-

31 1649 140 1696 rias
162 1646 416 1699 lectiones
441 1654 717 1719 graviores
742 1665 794 1704 et
814 1654 978 1706 verba
1001 1660 1178 1725 spuria
1207 1657 1364 1727 (quae

31 1715 191 1767 facile
236 1718 466 1770 d1scerni
510 1724 784 1794 possunt),
827 1736 1117 1793 praeeunte
1160 1727 1363 1777 editore

32 1784 288 1838 librorum
322 1789 385 1839 de
421 1792 634 1843 civitate
666 1794 790 1859 Dei,
831 1797 982 1846 uncis
1014 1795 1230 1855 inclusi3
1268 1812 1364 1846 no-

34 1867 119 1905 tae
167 1874 293 1907 vero
340 1860 576 1925 criticae,
624 1880 754 1930 quas
799 1863 898 1915 hac
932 1868 1215 1917 occasione
1251 1865 1358 1916 col-

32 1922 165 1993 legi,
210 1926 438 1978 fortasse
472 1929 577 1980 alio
611 1942 847 2000 tempore
879 1935 935 1983 in
967 1933 1138 1986 lucem
1178 1935 1359 2004 prodi-

31 1992 177 2044 bunt,
250 1995 545 2050 Summaria
588 2003 887 2069 antiquiora
922 2008 1071 2071 operi
1099 2006 1358 2074 praemis-

33 2081 92 2113 sa
131 2074 220 2114 aut
250 2068 527 2119 emendavi
560 2080 648 2120 aut
681 2089 820 2122 nova
852 2073 1045 2123 addidi.
1116 2077 1356 2142 Denique

34 2137 202 2184 omnis
248 2152 412 2202 opera
444 2138 565 2189 data
596 2150 699 2204 est,
747 2152 805 2191 ut
843 2153 1021 2192 textus
1054 2151 1354 2212 recognitus

34 2220 185 2270 quam
208 2207 499 2257 rectissime
527 2211 666 2277 typis
694 2212 996 2278 exscriptus
1022 2212 1304 2281 legeretur.
