1514 2438
277 135 827 179 CONFESSIONUM
863 135 1074 177 LIBER
1102 133 1158 177 V.
1329 135 1382 176 73

58 228 264 264 materna
278 222 450 276 pietate
470 219 696 275 flagitavi,
715 222 835 262 sicut
850 221 941 261 iam
957 220 1227 262 recordatus
1247 225 1383 273 atque

59 278 299 320 confessus
318 291 431 318 sum.
493 276 584 318 Sed
601 277 648 317 in
667 277 868 319 dedecus
885 290 1035 318 meum
1054 288 1309 326 creveram,
1340 280 1386 315 et

60 335 256 376 consilia
280 334 535 374 medicinae
563 338 669 374 tuae
698 333 884 374 demens
908 333 1181 383 irridebam,
1214 332 1292 385 qui
1312 343 1386 372 me

61 404 149 431 non
179 391 328 432 sivisti
345 389 485 430 talem
500 389 572 429 bis
589 389 723 431 mori.
786 389 886 439 Quo
904 390 1094 430 vulnere
1114 391 1153 429 si
1169 387 1389 429 feriretur

63 459 142 488 cor
157 446 332 495 matris,
350 458 594 499 numquam
611 451 864 486 sanaretur.
902 444 1007 487 Non
1025 446 1145 486 enim
1163 445 1275 485 satis
1297 444 1389 484 elo-

63 515 202 557 quor,
223 501 331 556 quid
350 514 460 556 erga
477 513 547 541 me
566 499 766 542 habebat
784 502 943 551 animi,
964 507 1010 542 et
1028 506 1196 555 quanto
1214 500 1390 541 maiore

64 558 379 600 sollicitudine
402 569 474 598 me
492 557 779 612 parturiebat
796 558 981 611 spiritu,
1008 571 1142 611 quam
1161 568 1296 597 carne
1315 567 1390 609 pe·

63 619 260 669 pererat.
320 612 425 654 Non
448 614 604 667 itaque
622 613 783 663 video,
812 613 1042 678 quomodo
1062 617 1324 662 sanaretur,
1354 611 1392 651 si

64 683 166 711 mea
181 670 289 710 talis
306 669 389 710 illa
404 682 528 710 mors
546 669 970 710 transveiberasset
987 670 1168 710 viscera
1185 668 1394 709 dilectio-

65 728 134 767 nis
154 726 267 767 eius,
327 726 386 766 Et
404 725 483 766 ubi
503 730 659 766 essent
674 730 831 767 tantae
850 737 1011 779 preces
1032 731 1077 766 et
1094 731 1187 766 tam
1206 724 1394 765 crebrae

67 783 164 823 sine
191 781 562 822 intermissione?
591 780 848 835 Nusquam,
876 782 968 822 nisi
992 781 1050 822 ad
1074 786 1136 822 te.
1195 782 1262 820 An
1284 791 1394 820 vero

65 843 138 889 tu,
160 837 288 878 Deus
312 837 760 888 misericordiarum,
787 850 1028 892 sperneres
1048 850 1128 878 cor
1149 836 1397 877 contritum

68 900 114 935 et
137 893 425 934 humiliatum
443 894 607 935 viduae
627 898 781 935 castae
802 906 854 934 ac
873 894 1078 945 sobriae,
1105 893 1398 946 frequentan-

67 952 126 991 tis
141 950 478 1003 eleemosynas,
493 948 791 1004 obsequentis
805 955 942 1004 atque
962 950 1207 990 servientis
1227 948 1398 989 sanctis

67 1006 175 1056 tuis,
194 1006 371 1046 nullum
390 1005 511 1046 diem
528 1006 940 1059 praetermittentis
961 1006 1242 1047 oblationem
1261 1004 1318 1044 ad
1337 1004 1399 1043 al-

68 1068 168 1102 tare
186 1066 335 1112 tuum,
353 1060 491 1102 bisin
510 1062 584 1102 die
597 1092 608 1112 ,
628 1074 760 1102 mane
781 1067 826 1103 et
842 1075 1034 1116 vespere
1047 1093 1058 1113 ,
1079 1062 1135 1102 ad
1155 1061 1402 1102 ecclesiam

68 1125 194 1159 tuam
211 1119 309 1159 sine
327 1117 424 1159 ulla
439 1117 783 1160 intermissione
801 1119 1049 1169 venientis,
1075 1130 1167 1158 non
1186 1117 1243 1157 ad
1261 1129 1401 1156 vanas

69 1174 248 1215 fabulas
264 1180 310 1215 et
321 1174 467 1215 aniles
485 1174 809 1227 loquacitates,
823 1174 906 1216 sed
916 1179 967 1215 ut
982 1179 1028 1215 te
1050 1174 1231 1214 audiret
1247 1173 1294 1212 in
1310 1173 1401 1212 tuis

72 1230 374 1280 sermonibus,
391 1235 438 1271 et
454 1234 505 1271 tu
521 1230 648 1271 illam
663 1231 710 1271 in
731 1231 824 1271 suis
846 1230 1161 1272 orationibus‘}
1191 1229 1402 1269 Huiusne

70 1292 122 1327 tu
138 1286 366 1335 lacrimas,
387 1286 549 1340 quibus
567 1299 658 1327 non
674 1292 757 1327 ate
777 1299 936 1327 aurum
957 1291 1002 1326 et
1020 1291 1258 1340 argentum
1280 1290 1403 1338 pete-

70 1342 170 1392 bat,
201 1354 286 1382 nec
312 1342 502 1395 aliquod
525 1342 744 1383 mutabile
772 1348 851 1383 aut
871 1342 1074 1383 volubile
1094 1342 1288 1391 bonum,
1322 1340 1404 1380 sed

73 1398 268 1438 salutem
286 1398 462 1437 animae
482 1397 567 1437 filii
584 1397 678 1447 sui,
704 1403 776 1448 tu,
805 1398 934 1438 cuius
952 1409 1140 1437 munere
1160 1398 1266 1437 talis
1287 1402 1400 1445 erat,

75 1458 394 1493 contemneres
429 1458 475 1492 et
506 1453 758 1506 repelleres
794 1454 848 1494 ab
887 1454 1059 1493 auxilio
1088 1452 1192 1492 tuo?
1224 1452 1404 1505 Nequa-

75 1522 223 1562 quam,
237 1508 450 1549 Domine.
509 1508 605 1549 Imo
622 1521 727 1549 vero
742 1509 904 1549 aderas
924 1514 970 1548 et
987 1508 1267 1549 exaudiebas
1285 1506 1405 1548 etfa-

76 1565 230 1606 ciebas
250 1565 425 1615 ordine,
444 1577 532 1618 quo
554 1565 983 1618 praedestinaveras
1005 1577 1107 1604 esse
1127 1563 1403 1604 faciendum.

74 1621 219 1671 Absit,
237 1626 288 1661 ut
306 1626 355 1661 tu
373 1620 561 1661 falleres
583 1633 682 1661 eam
699 1621 747 1661 in
764 1621 857 1661 illis
876 1621 1131 1662 visionibus
1154 1625 1200 1661 et
1216 1632 1406 1673 respon-

75 1677 138 1717 sis
162 1677 276 1727 tuis,
304 1689 419 1730 quae
445 1677 536 1716 iam
563 1677 940 1727 commemoravi,
968 1681 1014 1717 et
1040 1689 1156 1730 quae
1174 1689 1267 1717 non
1286 1688 1406 1716 com-

75 1734 340 1783 memoravi,
356 1745 472 1786 quae
490 1733 572 1773 illa
589 1733 716 1773 fideli
733 1738 922 1786 pectore
942 1733 1143 1783 tenebat,
1164 1737 1210 1773 et
1227 1744 1408 1785 semper

17 1809 24 1817 ·
78 1801 214 1830 orans
232 1794 462 1842 tamquam
481 1787 607 1829 chiro
614 1788 789 1843 grapha
808 1794 887 1829 tua
904 1789 1149 1843 ingerebat
1166 1789 1266 1829 tibi.
1328 1788 1407 1827 Di-

78 1845 233 1898 gnaris
253 1847 392 1895 enim,
413 1846 627 1899 quoniam
645 1846 693 1885 in
711 1845 946 1886 saeculum
968 1845 1292 1886 misericordia
1312 1849 1406 1908 tua,

79 1901 167 1950 eis,
193 1902 355 1955 quibus
383 1901 535 1942 omnia
558 1900 715 1942 debita
738 1901 952 1953 dimittis,
981 1902 1119 1942 etiam
1140 1901 1408 1956 promissio-

77 1957 209 1997 nibus
235 1958 325 1998 tuis
350 1957 531 1997 debitor
550 1957 665 1999 fieri.

163 2013 211 2053 C
240 2013 296 2053 X.
357 2014 599 2053 Recreasti
626 2026 736 2068 ergo
755 2027 827 2055 me
847 2014 902 2055 ab
920 2015 1002 2056 illa
1019 2013 1332 2079 aegritudine,
1364 2017 1410 2052 et

79 2069 252 2109 salvum
276 2069 432 2109 fecisti
451 2068 594 2109 filium
614 2071 808 2111 ancillae
827 2077 957 2121 tuae,
984 2076 1093 2112 tunc
1109 2071 1293 2111 interim
1311 2080 1409 2108 cor-

80 2137 213 2177 pore,
231 2131 281 2166 ut
300 2130 425 2165 esset
443 2125 517 2165 cui
536 2125 730 2167 salutem
746 2127 987 2168 meliorem
1005 2133 1141 2180 atque
1163 2126 1408 2166 certiorem

83 2180 231 2222 dares,
289 2181 349 2221 Et
372 2180 598 2235 iungebar
615 2183 751 2223 etiam
770 2190 878 2224 tunc
895 2184 1068 2224 Romae
1086 2182 1217 2222 falsis
1230 2181 1323 2219 illis
1343 2185 1408 2218 at-

93 2248 169 2289 lue
201 2236 466 2278 fallentibus
497 2238 691 2279 sanctis:
723 2251 815 2281 non
842 2240 962 2281 enim
985 2244 1159 2280 tantum
1188 2235 1407 2278 auditori-
