1514 2438
251 95 782 139 CONFESSIONUM
810 96 1015 138 LIBER
1044 96 1156 138 Vll.
1283 97 1363 137 113

39 185 172 239 quasi
187 196 243 224 ex
257 183 420 224 eodem
434 194 603 237 genere
620 181 840 236 grandior
855 186 967 232 erat,
980 185 1211 235 tamquam
1226 182 1265 222 si
1277 182 1369 224 ista

38 240 183 281 multo
208 239 441 293 multoque
461 239 628 279 clarius
649 238 948 288 claresceret,
973 242 1213 291 totumque
1234 250 1365 278 occu-

37 301 170 351 paret
182 296 509 350 magnitudine.
541 293 644 336 Non
659 293 748 335 hoc
761 294 843 335 illa
858 298 970 344 erat,
988 294 1071 334 sed
1085 293 1224 344 aliud,
1241 293 1367 334 aliud

39 352 173 392 valde
197 352 252 393 ab
276 352 377 392 istis
404 352 628 392 omnibus.
688 349 785 390 Nec
808 352 875 391 ita
899 354 996 390 erat
1014 363 1151 404 supra
1166 355 1367 390 mentem

39 421 208 458 meam,
244 409 363 448 sicut
387 407 538 448 oleum
564 419 700 460 super
723 419 907 460 aquam,
932 418 1017 446 nee
1042 408 1162 446 sicut
1185 406 1367 446 coelum

40 477 177 517 super
192 469 379 515 terram3
399 464 480 504 sed
499 465 724 517 superior,
744 464 851 517 quia
865 464 967 516 ipsa
983 461 1096 503 fecit
1112 474 1198 512 me,
1214 467 1260 502 et
1278 474 1365 515 ego

37 520 245 571 inferior,
266 522 372 574 quia
388 519 537 561 factus
557 533 655 560 sum
672 519 727 559 ab
747 532 814 560 ea.
857 518 947 567 Qui
963 520 1092 559 novit
1110 521 1365 568 veritatem,

39 578 166 617 novit
184 588 304 627 eam3
323 581 369 616 et
386 571 463 631 qui
479 578 608 617 novit
625 588 738 626 eam,
757 577 886 616 norit
903 577 1238 616 aeternitatem.
1287 574 1368 614 Ca·

37 633 153 673 ritas
178 633 308 673 novit
330 644 443 681 eam.
506 632 543 672 Ο
569 637 758 673 aeterna
774 634 965 682 veritas,
992 638 1038 672 et
1056 644 1164 671 vera
1183 632 1368 680 caritas,

39 693 86 729 et
111 701 217 730 cara
234 691 500 730 aeternitas.
560 690 632 729 Tu
652 702 699 730 es
716 688 844 729 Deus
858 701 1000 728 meus.
1061 688 1168 728 Tibi
1185 689 1365 741 suspiro

39 745 113 785 die
133 757 185 785 ac
202 750 354 786 nocte.
414 745 474 786 Et
492 758 592 785 cum
609 750 655 786 te
673 746 866 799 primum
886 745 1097 798 cognovi,
1116 749 1166 784 tu
1187 745 1364 784 adsum-

40 801 143 842 sisti
166 813 259 852 me,
285 808 338 841 ut
357 802 562 842 riderem
586 814 688 842 esse
713 801 836 855 quod
852 801 1074 850 viderem,
1101 805 1145 840 et
1163 800 1365 840 nondum

36 869 109 898 me
135 869 258 908 esse,
284 858 360 912 qui
376 858 593 898 viderem.
653 858 711 898 Et
728 857 1035 898 reverberasti
1052 857 1365 897 infirmitatem

39 913 284 967 adspectus
303 916 414 963 mei,
432 915 616 955 radians
634 916 679 955 in
696 925 769 955 me
786 912 1102 963 vehementer,
1124 918 1169 953 et
1187 919 1365 952 contre-

38 972 133 1011 mui
150 982 306 1011 amore
324 976 370 1011 et
387 969 595 1021 horrore,
612 975 659 1010 et
672 972 826 1011 inveni
843 970 981 1024 longe
1000 982 1070 1009 me
1091 981 1192 1009 esse
1214 982 1239 1008 a
1254 974 1300 1008 te
1320 968 1367 1007 in

38 1027 233 1080 regione
266 1026 675 1077 dissimilitudinis,
709 1031 937 1081 tamquam
970 1026 1175 1066 audirem
1207 1037 1368 1065 vocem

37 1087 163 1123 tuam
191 1083 246 1123 de
274 1084 480 1124 excelso:
515 1083 665 1124 cibus
691 1096 804 1123 sum
830 1083 1135 1137 grandium,
1163 1094 1365 1129 cresce,

41 1143 92 1179 et
123 1139 469 1180 manducabis
498 1152 598 1191 me3
631 1152 729 1179 nec
756 1144 812 1179 tu
842 1152 921 1180 me
950 1141 1003 1179 in
1031 1144 1083 1178 te
1117 1137 1366 1186 mutabis,

40 1196 186 1236 sicut
209 1197 386 1237 cibum
412 1198 594 1237 carnis
617 1201 764 1246 tuae,
791 1196 884 1236 sed
909 1200 967 1236 tu
990 1195 1289 1235 mutaberis
1314 1195 1368 1233 in

38 1264 130 1292 me.
176 1252 235 1292 Et
253 1255 464 1306 cognovi,
485 1252 699 1306 quoniam
716 1264 797 1306 pro
815 1252 1058 1305 iniquitate
1078 1250 1271 1290 erudisti
1289 1250 1368 1288 ho-

39 1308 225 1358 minem,
260 1312 306 1348 et
336 1309 577 1349 tabescere
609 1307 764 1349 fecisti
795 1308 913 1347 sieut
937 1319 1149 1347 araneam
1174 1308 1368 1346 animam

39 1372 206 1414 meam3
240 1370 286 1404 et
311 1364 423 1404 dixi:
457 1364 673 1417 numquid
698 1362 814 1404 nihil
839 1369 909 1403 est
932 1364 1122 1410 veritas,
1150 1363 1365 1415 quoniam

40 1431 188 1472 neque
217 1432 300 1473 per
325 1420 474 1469 finita,
508 1431 656 1473 neque
682 1431 760 1472 per
782 1420 962 1459 infinita
984 1419 1192 1458 locorum
1216 1418 1366 1469 spatia

42 1474 209 1516 diffusa
229 1475 323 1516 est?
351 1476 410 1516 Et
428 1476 636 1516 clamasti
656 1475 710 1515 de
730 1475 1001 1528 longinquo:
1033 1474 1127 1514 Imo
1143 1486 1254 1513 vero
1275 1485 1362 1526 ego

42 1543 161 1581 sum,
187 1534 264 1585 qui
284 1545 396 1573 sum.
457 1532 515 1572 Et
533 1531 710 1581 audivi,
735 1532 854 1571 sicut
873 1531 1054 1570 auditur
1072 1532 1118 1570 in
1137 1529 1297 1579 corde,
1320 1535 1365 1568 et

40 1600 132 1627 non
156 1593 255 1627 erat
282 1601 470 1642 prorsus
488 1588 608 1629 unde
628 1587 905 1638 dubitaren13
941 1586 1215 1640 faciliusque
1236 1585 1362 1625 dubi-

38 1648 185 1684 tarem
202 1645 356 1685 vivere
375 1657 466 1695 me,
488 1657 619 1698 quam
636 1656 727 1683 11011
746 1655 847 1684 0550
865 1645 1128 1693 veritatem,
1149 1654 1263 1696 quae
1282 1653 1364 1694 per

42 1711 116 1749 ea,
136 1712 251 1752 quae
270 1700 393 1741 faeta
411 1708 534 1750 sunt,
552 1700 792 1740 intellecta
810 1700 1104 1753 conspicitur.

126 1755 172 1795 C.
197 1755 274 1796 XI.
334 1756 394 1796 Et
424 1757 605 1810 inspexi
638 1761 823 1796 caetera
845 1755 966 1795 infra
987 1761 1055 1804 te,
1091 1759 1138 1795 et
1158 1754 1253 1795 vidi
1278 1765 1363 1792 nec

43 1812 227 1852 omnino
249 1824 372 1863 0550,
406 1825 490 1854 nec
511 1812 694 1854 omnino
727 1825 819 1853 non
847 1824 964 1853 esse.
1013 1811 1127 1851 Esse
1164 1810 1361 1864 quidem,

43 1868 258 1919 quoniam
283 1868 362 1909 abs
378 1873 425 1908 te
450 1874 576 1919 sunt3
608 1880 700 1908 non
723 1880 826 1909 esse
850 1873 1024 1917 autem,
1062 1868 1276 1921 quoniam
1299 1865 1361 1913 id,

43 1922 166 1975 quod
185 1935 253 1974 es,
277 1930 498 1965 nonsunt.
556 1924 615 1964 Id
648 1925 784 1965 enim
806 1937 930 1965 vere
965 1928 1070 1973 est,
1112 1922 1252 1977 quod
1284 1922 1361 1959 in-

42 1979 511 2020 commutabiliter
541 1992 654 2020 man
668 1987 731 2021 et.
789 1979 906 2021 Mihi
935 1985 1087 2020 autem
1119 1978 1362 2020 inhaerere

39 2032 142 2075 Deo
159 2035 329 2076 bonum
348 2041 432 2086 est,
444 2037 551 2091 quia
569 2036 716 2077 sinon
733 2037 926 2077 manebo
945 2038 992 2077 in
1009 2036 1107 2085 illo,
1127 2035 1274 2074 necin
1291 2044 1362 2072 me

39 2095 220 2142 potero.
275 2092 359 2132 Ille
379 2098 531 2132 autem
546 2095 594 2134 in
611 2104 660 2132 se
678 2105 867 2137 manens
886 2094 1076 2133 innovat
1094 2090 1257 2132 omnia.
1304 2088 1363 2126 Et

39 2144 265 2188 Dominus
282 2147 411 2190 Deus
428 2161 557 2195 meus
575 2161 645 2199 05,
671 2152 885 2205 quoniam
906 2148 1133 2190 bonorum
1157 2156 1361 2186 meorum

38 2214 130 2242 non
149 2215 272 2257 eges.

95 2266 314 2301 AUGUST.
345 2268 584 2303 Coxrnss.
978 2259 1024 2300 H
