1514 2438
269 140 808 183 CONFESSIONUM
837 140 1044 182 LIBER
1073 139 1129 181 V.
1302 139 1356 180 69

31 242 87 270 ne
116 233 207 278 est,
231 232 283 268 ut
304 226 485 276 recolo,
512 224 709 265 Domine
727 225 854 266 Deus
873 238 1024 277 meus,
1055 224 1227 265 arbiter
1250 237 1356 265 con-

32 285 254 326 scientiae
285 282 442 323 meae‘.t
474 282 638 321 Coram
662 289 706 321 te
734 294 814 321 cor
836 294 985 322 meum
1013 287 1059 322 et
1090 281 1355 321 recordatio

30 340 237 391 mea‚qui
253 351 324 379 me
341 344 448 378 tunc
467 337 636 391 agebas
657 337 813 377 abdito
833 344 1015 378 secreto
1033 337 1357 392 providentiae,

31 404 154 446 tuae,
173 401 218 436 et
231 394 501 434 inhonestos
515 405 834 434 erroresmeos
853 395 943 434 iam
963 393 1263 435 convertebas
1286 405 1360 432 an-

32 460 79 493 te
97 452 263 492 faciem
281 462 442 500 meam,
461 456 511 490 ut
526 449 730 489 viderem
750 454 795 489 et
812 450 1028 490 odissem.

120 508 167 548 C.
192 506 289 547 VII.
349 505 463 546 Nam
481 510 784 560 posteaquam
800 506 881 546 ille
899 505 1013 547 mihi
1030 506 1270 558 imperitus
1291 517 1362 544 ea-

33 577 132 604 rum
147 563 326 612 artium,
339 562 500 615 quibus
515 574 615 602 eum
630 561 858 601 excellere
871 568 1149 616 putaveram,
1161 561 1273 601 satis
1290 560 1364 600 ad-

34 619 200 673 paruit,
221 618 465 672 desperare
485 618 618 670 coepi
635 630 772 670 posse
793 630 895 658 eum
914 617 1024 658 mihi
1043 617 1138 666 illa,
1159 629 1274 670 quae
1293 628 1366 656 me

35 674 291 725 movebant,
311 675 488 728 aperire
508 678 642 726 atque
665 673 940 725 dissolvere3
974 686 1164 728 quorum
1184 673 1368 725 quidem

35 732 222 785 ignarus
239 735 401 784 posset
418 730 660 770 veritatem
678 735 837 769 tenere
855 731 1058 784 pietatis,
1076 729 1157 769 sed
1173 729 1212 768 si
1222 729 1367 769 Mani-

40 787 209 828 chaeus
241 799 330 826 non
366 791 503 826 esset.
564 785 695 825 Libri
730 787 895 839 quippe
931 798 1089 826 eorum
1114 785 1239 838 pleni
1264 790 1370 824 sunt

38 843 322 897 longissimis
334 841 518 891 fabulis,
531 841 586 882 de
600 841 731 882 coelo
754 847 799 881 et
816 842 1042 883 sideribus
1059 846 1104 880 et
1123 841 1221 881 sole
1242 846 1287 880 et
1304 840 1370 879 lu-

40 912 116 939 na:
152 911 269 953 quae
294 897 406 938 mihi
433 910 553 948 eum,
581 898 703 952 quod
720 898 877 951 utique
898 898 1159 953 cupiebam,
1187 896 1371 937 collatis

39 967 333 995 numerorum
350 954 737 1006 rationibus,quas
757 954 866 993 alibi
887 967 972 1008 ego
989 955 1374 1008 legeram‚utrum

41 1011 194 1065 potius
218 1011 284 1050 ita
308 1016 463 1050 essent
486 1015 538 1050 ut
560 1008 821 1050 Manichaei
846 1010 976 1051 libris
1004 1009 1372 1057 continebantur,

47 1079 102 1106 an
131 1071 252 1107 certe
278 1065 354 1106 vel
375 1078 458 1119 par
482 1066 618 1106 etiam
643 1065 749 1105 inde
774 1067 894 1106 ratio
914 1067 1207 1115 redderetur,
1234 1064 1374 1105 subti-

43 1123 150 1162 liter
178 1122 409 1175 explicare
433 1134 571 1175 posse
597 1122 687 1161 iam
712 1134 803 1162 non
831 1123 1099 1163 arbitrabar.
1163 1121 1290 1169 Quae
1308 1125 1375 1159 ta-

43 1191 145 1218 men
162 1178 240 1219 ubi
259 1178 594 1219 consideranda
612 1183 657 1218 et
681 1177 970 1219 discutienda
998 1179 1194 1233 protuli,
1220 1176 1375 1216 mode-

46 1241 115 1274 ste
150 1246 258 1274 sane
292 1234 372 1276 ille
405 1246 491 1274 nec
523 1247 659 1275 ausus
686 1239 758 1274 est
781 1235 935 1274 subire
962 1235 1108 1288 ipsam
1135 1234 1374 1275 sarcinam.

44 1289 249 1331 Noverat
268 1290 387 1330 enim
413 1302 461 1330 se
480 1290 571 1330 ista
589 1303 678 1330 non
698 1303 851 1341 nosse,
871 1303 957 1331 nec
976 1303 1077 1331 eum
1096 1290 1258 1344 puduit
1272 1300 1378 1328 con-

48 1347 181 1386 fiteri.
241 1346 345 1386 Non
364 1352 463 1386 erat
481 1346 534 1386 de
561 1346 752 1395 talibus,
780 1347 938 1399 quales
963 1347 1133 1386 multos
1158 1346 1378 1397 loquaces

45 1415 207 1496 passus
232 1414 377 1451 eram,
403 1407 623 1441 conantes
644 1414 697 1441 ea
714 1414 784 1441 me
805 1402 991 1452 docere,
1020 1407 1067 1442 et
1085 1402 1291 1441 dicentes
1315 1400 1380 1438 ni-

78 1458 124 1497 il.
157 1456 247 1497 Iste
266 1469 375 1496 vero
396 1470 475 1497 cor
493 1455 710 1505 habebat,
725 1462 770 1496 et
788 1458 828 1496 si
845 1470 937 1497 non
955 1463 1130 1497 rectum
1149 1457 1205 1496 ad
1222 1463 1380 1504 te,nec

47 1519 198 1553 tamen
214 1513 348 1552 nimis
371 1514 602 1552 incautum
627 1513 682 1552 ad
709 1525 758 1551 se
781 1513 943 1565 ipsum.
1003 1512 1107 1553 Non
1124 1523 1380 1565 usquequa-

49 1582 134 1622 que
152 1569 389 1623 imperitus
410 1574 507 1608 erat
523 1568 778 1621 imperitiae
799 1581 923 1618 suae,
946 1574 991 1609 et
1007 1569 1155 1608 noluit
1173 1580 1222 1608 se
1241 1572 1383 1606 teme-

48 1638 98 1665 re
125 1625 397 1678 disputando
425 1625 473 1663 in
500 1636 553 1664 ea
573 1625 822 1674 coarctari,
845 1625 964 1665 unde
981 1637 1065 1664 nec
1085 1625 1234 1664 exitus
1256 1622 1299 1662 ei
1319 1621 1379 1660 ul-

47 1681 140 1731 lus,
166 1693 251 1720 nec
269 1679 420 1720 facilis
441 1685 566 1720 esset
581 1680 772 1719 reditus.
833 1681 891 1720 Et
909 1682 1000 1720 iam
1024 1678 1130 1720 hinc
1153 1677 1266 1720 mihi
1290 1690 1381 1717 am-

49 1737 169 1790 plius
181 1737 368 1790 placuit.
430 1734 674 1776 Pulchrior
693 1742 763 1775 est
784 1737 901 1776 enim
919 1736 1225 1790 temperantia
1243 1734 1380 1775 confi-

49 1793 188 1833 tentis
210 1793 367 1842 animi,
388 1804 519 1844 quam
537 1792 619 1831 illa
636 1804 751 1845 quae
771 1804 908 1832 nosse
929 1793 1187 1846 cupiebam3
1217 1796 1263 1832 et
1280 1803 1382 1831 eum

48 1848 97 1888 in
117 1848 323 1888 omnibus
344 1848 678 1888 difficilioribus
699 1853 745 1887 et
761 1848 1080 1889 subtilioribus
1100 1847 1382 1902 quaestioni-

49 1904 135 1944 bus
151 1904 290 1944 talem
307 1903 609 1944 inveniebam.
669 1902 889 1945 Resracto
902 1905 1058 1959 itaque
1077 1904 1246 1953 studio,
1259 1902 1381 1957 quod

50 1960 339 2000 intenderam
356 1960 403 1999 in
420 1958 680 1999 Manichaei
692 1959 869 2010 literas,
880 1962 1119 2015 magisque
1131 1961 1381 2013 desperans

52 2015 107 2055 de
126 2016 323 2056 caeteris
344 2027 502 2055 eorum
522 2015 804 2066 doctoribus,
817 2017 996 2070 quando
1016 2018 1061 2056 in
1080 2017 1252 2065 multis,
1265 2026 1381 2068 quae

49 2083 121 2111 me
138 2071 473 2120 movebant‚ita
489 2071 568 2112 ille
586 2071 847 2112 nominatus
867 2073 1098 2125 adparuit3
1129 2072 1262 2125 coepi
1281 2082 1383 2110 cum

54 2138 110 2166 eo
136 2139 219 2180 pro
240 2126 393 2168 studio
415 2126 517 2166 eius
537 2139 674 2180 agere
690 2128 850 2178 vitam,
871 2141 959 2182 quo
975 2129 1073 2181 ipse
1092 2127 1317 2180 flagrabat
1335 2126 1381 2164 in

55 2193 132 2222 eas
156 2182 336 2233 literas,
362 2195 474 2235 quas
500 2187 607 2222 tunc
629 2183 720 2223 iam
736 2182 896 2225 rhetor
915 2182 1207 2237 Carthaginis
1226 2180 1379 2221 adole-

56 2243 238 2279 scentes
259 2238 553 2290 docebam‚et
568 2237 726 2293 legere
747 2252 847 2280 cum
866 2241 1045 2290 eo,sive
1064 2250 1178 2293 quae
1197 2237 1277 2277 ille
1304 2248 1378 2276 au-
