1473 2443
68 152 117 191 Π)
389 149 677 190 AURELII
712 148 1082 192 AUGUSTINI

62 235 203 284 mine,
221 234 444 274 memoria
460 234 532 273 vel
551 233 796 287 ingenium,
817 247 931 287 quae
950 248 1034 275 nos
1051 231 1220 274 habere
1239 235 1382 275 volui·

61 291 122 331 sti
152 302 234 343 pro
270 290 352 329 illa
387 294 537 329 aetate
571 290 701 339 satis3
735 290 812 329 sed
844 290 1104 330 delectabat
1127 290 1304 331 ludere:
1338 296 1385 330 et

61 345 377 386 vindicabatur
402 346 449 384 in
472 358 556 384 nos
582 345 635 384 ab
656 345 744 395 eis,
771 346 847 398 qui
863 346 978 385 talia
997 347 1150 399 utique
1172 346 1383 399 agebant.

62 401 153 442 Sed
191 401 414 440 maiorum
453 412 599 454 nugae
640 402 828 454 negotia
859 407 1100 441 vocantur:
1139 413 1387 455 puerorum

61 462 213 497 autem
230 456 343 495 talia
361 468 461 495 cum
480 457 582 506 sint,
597 457 841 508 puniuntur
858 469 884 495 a
900 458 1172 507 maioribus3
1193 463 1238 497 et
1251 469 1384 497 nemo

58 513 305 552 miseratur
324 523 512 565 pueros,
539 512 611 551 vel
628 512 753 562 illos,
774 512 847 553 vel
866 517 1085 565 utrosque
1166 513 1259 553 nisi
1276 526 1384 553 vero

61 567 286 620 adprobat
319 567 554 620 quisquam
587 567 732 606 bonus
760 577 911 607 rerum
945 568 1115 608 arbiter
1144 568 1386 621 vapulasse

59 635 153 673 me,
180 623 286 675 quia
308 622 518 663 ludebam
542 623 636 675 pila
657 635 789 675 puer,
819 628 864 663 et
889 635 942 663 eo
963 623 1069 663 ludo
1088 624 1387 676 impediebar,

63 691 151 732 quo
177 679 324 718 minus
353 678 568 718 celeriter
592 678 815 718 discerem
840 679 1022 729 literas,
1054 679 1215 732 quibus
1238 680 1387 719 maior

63 732 313 774 deformius
338 733 561 773 luderem:
595 739 672 773 aut
697 734 820 773 aliud
843 733 1043 774 faciebat
1068 735 1189 774 idem
1213 736 1333 789 ipse,
1361 748 1387 774 a

63 801 152 843 quo
176 789 464 842 vapulabam3
491 790 623 842 quisi
640 790 685 828 in
705 789 859 842 aliqua
876 791 1224 842 quaestiuncula
1241 804 1267 830 a
1284 803 1389 830 con-

64 846 254 885 doctore
289 857 370 885 suo
405 845 552 885 victus
586 851 728 894 esset,
762 846 908 898 magis
940 845 1032 885 bile
1059 850 1193 898 atque
1218 846 1391 886 invidia

61 905 369 953 torqueretur,
387 913 518 954 quam
535 913 637 954 ego,
655 913 755 943 cum
772 901 818 940 in
837 902 1083 942 certamine
1102 902 1221 955 pilae
1241 915 1268 941 a
1285 914 1390 942 con—

65 956 223 997 lusore
242 969 343 997 meo
364 957 624 1010 superabar.

148 1011 195 1052 C.
227 1012 284 1053 X.
343 1013 401 1052 Et
418 1018 568 1052 tamen
586 1013 855 1065 peccabam,
878 1012 1075 1053 Domine
1094 1012 1241 1063 Deus,
1268 1013 1388 1053 ordi-

60 1071 195 1108 nator
213 1075 258 1108 et
276 1073 456 1108 creator
476 1070 673 1108 omnium
691 1081 839 1109 rerum
859 1069 1153 1119 naturalium,
1178 1074 1389 1122 peccato-

59 1135 160 1164 rum
186 1131 338 1164 autem
361 1129 536 1164 tantum
563 1124 812 1165 ordinator.
872 1124 1068 1164 Domine
1094 1125 1220 1164 Deus
1245 1137 1388 1174 meus,

59 1180 306 1234 peccabam
343 1179 556 1220 faciendo
599 1185 760 1220 contra
795 1186 1041 1233 praecepta
1071 1185 1309 1233 parentum
1342 1186 1388 1220 et

60 1237 387 1290 magistrorum
423 1236 620 1276 illorum.
681 1235 896 1276 Poteram
931 1236 1049 1275 enim
1080 1242 1243 1289 postea
1272 1235 1389 1276 bene

61 1292 131 1331 uti
166 1292 335 1342 literis,
369 1304 481 1345 quas
514 1292 732 1332 volebant
765 1297 813 1331 ut
846 1291 1071 1331 discerem
1105 1304 1389 1345 quocumque

63 1348 215 1387 animo
232 1347 302 1387 illi
318 1348 423 1388 mei.
455 1346 557 1388 Non
573 1347 692 1388 enim
709 1348 904 1387 meliora
922 1347 1100 1400 eligens
1120 1347 1389 1387 inobediens

64 1415 207 1452 eram,
250 1402 332 1442 sed
364 1415 518 1443 amore
551 1402 760 1453 ludendi,
796 1415 950 1442 amans
985 1404 1031 1442 in
1065 1404 1390 1443 certaminibus

63 1458 283 1511 superbas
305 1458 547 1508 victorias,
573 1464 618 1498 et
642 1458 785 1513 scalpi
811 1471 943 1498 aures
961 1471 1084 1499 meas
1103 1458 1233 1499 falsis
1249 1458 1374 1499 fabel

61 1514 140 1563 lis,
170 1526 257 1566 quo
284 1515 515 1567 prurirent
536 1512 787 1561 ardentius,
818 1514 977 1554 eadem
1004 1515 1271 1555 curiositate
1296 1528 1370 1554 ma

62 1570 133 1622 gis
168 1570 404 1623 magisque
430 1583 511 1624 per
533 1570 691 1610 oculos
718 1570 940 1610 emicante
964 1571 1012 1610 in
1037 1570 1299 1623 spectacula
1321 1571 1387 1611 lu-

64 1625 238 1677 dosque
258 1626 499 1675 maiorum,
521 1639 634 1678 quos
652 1631 804 1665 tamen
824 1626 899 1678 qui
921 1625 1073 1676 edunt,
1094 1639 1148 1666 ea
1166 1625 1389 1678 dignitate

60 1680 259 1734 praediti
272 1681 516 1730 excellunt,
527 1688 577 1720 ut
593 1680 679 1721 hoc
690 1693 832 1734 paene
847 1694 1002 1720 omnes
1020 1687 1177 1734 optent
1188 1682 1388 1733 parvulis

62 1736 178 1775 suis:
201 1736 617 1788 quostaniencaedi
632 1736 1132 1788 libenterpatiuntur,si
1154 1740 1388 1789 spectacu-

61 1791 119 1831 lis
137 1791 305 1831 talibus
323 1791 792 1844 impedianturastudi
802 1804 841 1840 0,
855 1804 941 1843 quo
955 1803 1034 1831 eos
1054 1792 1110 1831 ad
1127 1793 1239 1832 talia
1254 1793 1387 1832 eden-

64 1847 120 1887 da
132 1847 315 1900 cupiunt
332 1847 586 1899 pervenire.
618 1846 734 1887 Vide
746 1846 1384 1897 ista,Domine,misericordi-

62 1907 147 1952 ter,
160 1908 205 1942 et
223 1903 370 1942 libera
385 1916 468 1942 nos
487 1902 577 1942 iam
594 1902 860 1942 invocantes
878 1907 946 1953 te3
969 1902 1115 1943 libera
1133 1904 1269 1943 etiam
1289 1916 1384 1953 eos,

63 1958 140 2011 qui
156 1958 354 1998 nondum
363 1963 408 1998 te
426 1958 655 2007 invocant,
667 1964 717 1998 ut
733 1958 947 1998 invocent
963 1963 1024 2009 te,
1038 1966 1084 1999 et
1100 1958 1267 1999 liberes
1288 1972 1382 2000 eos,

149 2014 194 2054 C.
229 2013 306 2054 Χῖ.
364 2014 607 2054 Audieram
641 2014 759 2053 enim
790 2025 876 2066 ego
909 2012 1055 2054 adhuc
1078 2026 1192 2067 puer
1217 2015 1271 2054 de
1293 2015 1388 2055 vita

65 2075 253 2109 aeterna
290 2068 422 2109 nobis
462 2070 689 2123 promissa
742 2081 824 2122 per
855 2067 1158 2110 humilitatem
1201 2069 1387 2110 Domini

64 2125 153 2164 Dei
177 2125 342 2174 nostri,
378 2124 697 2165 descendentis
723 2124 780 2163 ad
805 2125 1063 2176 superbiam
1085 2131 1309 2176 nostram,
1344 2134 1389 2166 et

66 2180 279 2234 signabar
291 2181 380 2220 iam
399 2181 530 2234 signo
545 2180 691 2220 crucis
708 2179 820 2229 eius,
836 2185 882 2219 et
895 2180 1142 2220 condiebar
1160 2181 1387 2231 eiussale,

66 2237 155 2276 iam
168 2236 273 2276 inde
294 2236 347 2276 ab
366 2241 495 2277 utero
515 2235 672 2276 matris
690 2247 833 2286 meae,
851 2248 964 2289 quae
982 2236 1170 2277 multum
1189 2238 1388 2292 speravit
