1473 2443
109 80 190 118 220
441 78 712 133 AURELJI
741 79 1113 123 AueusriNl

106 163 374 216 imaginatio
401 163 447 202 in
470 163 620 204 animo
646 177 771 215 meo,
800 178 914 220 quae
940 166 1029 206 duo
1053 168 1316 220 praesentia
1336 180 1430 208 cer-

106 225 295 269 nuntur,
329 223 379 260 ut
397 217 577 260 futurus
608 219 688 260 ille
720 226 823 262 ante
861 222 1051 263 dicatur.
1112 223 1283 264 Futura
1316 237 1427 278 ergo

105 275 307 315 nondum
323 279 448 327 sunt3
474 280 520 316 et
538 275 578 316 si
596 277 795 318 nondum
813 283 930 329 sunt,
948 291 1040 319 non
1060 284 1184 331 sunt3
1217 285 1262 321 et
1280 281 1319 320 si
1338 293 1428 320 non

106 337 232 382 sunt,
258 331 406 372 videri
431 332 615 372 omnino
639 345 731 373 non
753 339 967 387 possunt3
1000 335 1082 376 sed
1104 336 1308 388 praedici
1324 349 1428 390 pos-

107 393 213 428 sunt
234 400 290 428 ex
306 389 643 440 praesentibus,
665 402 779 443 quae
793 391 884 431 iam
902 396 1023 441 sunt,
1047 396 1093 432 et
1110 392 1335 433 videntur.

195 444 243 485 C.
262 443 385 485 XIX.
446 445 518 485 Tu
531 445 687 498 itaque
705 451 925 500 regnator
938 452 1174 488 creaturae
1191 453 1315 498 tuae,
1329 449 1428 502 quis

109 505 181 540 est
202 500 387 551 modus,
411 513 500 554 quo
527 500 666 542 doces
691 504 861 543 animas
887 515 960 552 ea,
987 516 1102 556 quae
1125 503 1279 544 futura
1302 504 1430 545 sunt'}

106 555 323 598 Docuisti
347 556 467 597 enim
483 555 732 610 prophetas
749 563 869 599 tuos.
933 558 1152 607 Quisnam
1169 560 1248 601 ille
1266 561 1429 604 modus

110 619 194 663 est,
208 626 295 668 quo
310 612 451 653 doces
469 612 638 664 futura,
652 615 724 655 cui
742 613 945 654 futurum
965 616 1210 669 quidquam
1227 629 1320 657 non
1339 622 1428 667 est3

107 669 182 709 vel
212 671 367 722 potius
392 669 448 709 de
472 668 639 710 futuris
675 671 813 711 doces
847 672 1133 723 praesentiat
1162 672 1276 713 Nam
1309 673 1432 725 quod

106 738 199 765 non
225 730 315 775 est,
339 738 424 765 nec
451 724 610 766 doceri
631 727 787 781 utique
808 731 976 780 potest.
1036 726 1181 769 Nimis
1204 729 1342 782 longe
1363 734 1434 770 est

108 781 273 822 modus
297 783 385 822 iste
405 781 459 822 ab
480 783 579 823 acie
597 794 720 834 mea3
753 783 948 828 invaluit
968 795 1022 823 ex
1039 796 1132 834 me,
1157 797 1248 825 non
1264 790 1429 838 potero

109 838 168 877 ad
184 838 332 888 illum3
365 842 529 890 potero
550 844 703 879 autem
723 851 778 879 ex
793 843 858 889 te,
886 852 987 879 cum
1006 840 1190 880 dederis
1207 845 1278 891 tu,
1299 841 1431 882 dulce

110 894 262 933 lumen
284 894 572 934 occultorum
595 895 836 935 oculorum
854 908 1073 937 meorum.

194 949 241 989 C.
265 949 366 989 XX.
429 949 563 998 Quod
595 955 746 992 autem
778 964 895 991 nunc
918 951 1062 1004 liquet
1088 957 1134 993 et
1156 952 1322 1002 claret,
1350 965 1434 993 nec

107 1003 261 1046 futura
300 1009 422 1054 sunt,
460 1018 545 1045 nec
576 1007 841 1059 praeterita.
899 1005 998 1048 Nec
1030 1011 1212 1061 proprie
1248 1009 1432 1050 dicitur:

106 1066 315 1114 tempora
332 1065 437 1101 sunt
452 1063 555 1110 tria,
577 1063 893 1114 praeteritum,
913 1075 1130 1116 praesens
1151 1069 1195 1104 et
1214 1064 1432 1116 futurum3

108 1117 191 1157 sed
222 1116 424 1158 fortasse
456 1118 640 1171 proprie
677 1117 923 1158 diceretur:
955 1125 1164 1171 tempora
1195 1125 1300 1161 sunt
1326 1122 1432 1161 tria:

107 1186 328 1226 praesens
363 1173 418 1213 de
450 1173 737 1226 praeteritis,
769 1186 987 1226 praesens
1022 1175 1076 1214 de
1101 1176 1433 1228 praesentibus,

108 1242 328 1283 praesens
363 1230 419 1269 de
442 1229 625 1270 futuris.
687 1228 802 1269 Sunt
825 1230 943 1270 enim
966 1229 1080 1274 haec
1102 1232 1148 1270 in
1173 1231 1322 1273 anima
1345 1234 1434 1273 tria

110 1286 354 1339 quaedam,
380 1290 426 1325 et
450 1285 563 1325 alibi
587 1297 641 1325 ca
663 1297 756 1325 non
777 1286 936 1326 video:
976 1298 1195 1339 praesens
1217 1287 1271 1327 de
1305 1300 1433 1341 prae-

106 1344 261 1382 teritis
279 1342 515 1391 memoria,
532 1352 751 1394 praesens
772 1341 826 1381 de
846 1343 1164 1395 praesentibus
1184 1344 1432 1394 contuitus,

106 1410 328 1450 praesens
355 1397 410 1438 de
438 1396 605 1437 futuris
632 1399 936 1450 exspectatio.
999 1397 1048 1440 Si
1071 1397 1185 1443 haec
1211 1400 1431 1452 permitti-

106 1466 207 1494 mur
225 1454 394 1504 dicere,
408 1454 500 1494 tria
516 1458 725 1506 tempora
741 1453 895 1505 video,
908 1453 1170 1508 fateorque:
1202 1457 1292 1495 tria
1310 1461 1427 1497 sunt.

104 1509 299 1551 Dicatur
318 1510 474 1550 etiam:
504 1514 715 1562 tempora
732 1514 836 1550 sunt
848 1510 953 1560 tria,
973 1511 1288 1564 praeteritum,
1304 1523 1430 1564 prae-

107 1579 212 1606 sens
233 1571 279 1607 et
296 1565 517 1616 futurum3
550 1567 669 1606 sicut
687 1564 890 1609 abutitur
909 1566 1212 1616 consuetudo,
1232 1566 1428 1611 dicatur:

106 1634 214 1662 ecce
233 1634 325 1662 non
343 1634 474 1671 curo,
493 1633 578 1661 nec
594 1622 780 1670 resisto,
799 1633 884 1662 nec
900 1620 1208 1674 reprehend03
1242 1622 1347 1661 dum
1362 1627 1428 1662 ta-

105 1690 208 1718 men
225 1677 532 1731 intelligatur,
559 1677 680 1730 quod
699 1677 885 1727 dicitur,
910 1689 1057 1730 neque
1075 1677 1142 1727 id,
1169 1678 1292 1730 quod
1308 1677 1427 1719 futu-

103 1746 204 1773 rum
227 1738 315 1783 est,
351 1745 452 1773 esse
475 1734 585 1783 iam,
609 1744 758 1787 neque
780 1732 847 1781 id,
874 1733 997 1785 quod
1018 1735 1317 1786 praeteritum
1341 1740 1425 1775 est.

105 1789 261 1829 Pauca
293 1793 397 1829 sunt
420 1789 539 1829 enim
561 1801 676 1842 quae
699 1789 882 1843 proprie
907 1788 1149 1842 loquimur,
1182 1789 1313 1842 plura
1334 1802 1426 1831 non

103 1847 309 1899 proprie3
343 1844 425 1885 sed
442 1845 724 1897 agnoscitur,
744 1844 852 1897 quid
870 1844 1077 1885 velimus.
1408 1851 1411 1854 '

190 1902 237 1941 C.
261 1900 383 1940 XXI.
442 1899 552 1940 Dixi
571 1912 680 1953 ergo
699 1900 833 1953 paulo
854 1904 974 1950 ante,
995 1900 1118 1954 quod
1134 1906 1425 1954 praetereun-

102 1958 169 1998 tia
185 1963 394 2009 tempora
408 1957 634 2005 metimur,
653 1960 703 1995 ut
719 1957 945 2008 possimus
966 1956 1134 2007 dicere,
1155 1956 1338 2009 duplum
1357 1970 1424 1997 es·

106 2026 154 2054 se
187 2012 276 2054 hoc
298 2013 519 2065 temporis
544 2011 602 2051 ad
622 2011 737 2051 illud
760 2012 990 2064 simplum,
1024 2017 1102 2052 aut
1122 2016 1296 2053 tantum
1321 2010 1422 2062 hoc,

104 2074 320 2123 quantum
336 2068 465 2118 illud,
486 2072 532 2108 et
547 2068 587 2107 si
605 2066 712 2121 quid
731 2067 854 2107 aliud
874 2068 928 2108 de
946 2068 1151 2122 partibus
1168 2072 1424 2121 temp01um

102 2138 345 2179 possumus
370 2124 632 2164 renuntiare
655 2123 902 2164 metiendo.
965 2124 1210 2173 Quocirca,
1233 2129 1283 2163 ut
1303 2124 1422 2164 dice-

102 2182 226 2232 bam,
265 2180 606 2235 praetereuntia
637 2180 848 2220 metimur
877 2185 1099 2234 tempora.
1158 2179 1217 2220 Et
1248 2180 1288 2220 si
1322 2179 1422 2234 quis
