1514 2438
260 97 801 141 CONFESSIONUM
832 96 1039 138 LIBER
1068 95 1143 138 1V.
1311 95 1365 136 57

39 198 159 237 esse3
194 191 240 225 et
255 185 328 225 vel
346 183 507 225 haberi
526 183 649 233 odio,
670 195 803 236 quam
822 183 888 223 sic
906 182 1061 223 amari.
1108 181 1196 222 Ubi
1215 181 1365 222 distri-

37 243 232 282 buuntur
262 241 354 281 ista
383 240 591 293 pondera
622 240 852 279 variorum
872 244 917 278 et
936 239 1220 278 diversorum
1244 250 1366 277 amo-

39 312 134 338 rum
152 299 199 338 in
218 297 367 337 anima
389 295 505 336 uuaz
538 294 658 344 Quid
676 300 765 344 est,
786 295 909 348 quod
927 307 1028 335 amo
1045 295 1092 334 in
1110 294 1224 344 alio,
1244 292 1366 347 quod

38 367 194 395 rursus
218 353 308 393 nisi
333 352 557 401 odissem,
585 363 677 391 non
702 363 814 391 ame
835 351 1094 391 detestarer
1112 355 1157 390 et
1172 350 1366 404 repelle-

38 423 147 460 rem,
168 422 267 450 cum
286 408 346 450 sit
362 413 553 462 uterque
572 412 780 448 nostrum
800 406 964 447 homos}
987 406 1092 447 Non
1111 407 1231 447 enim
1248 406 1368 446 sicut

37 479 179 520 equus
197 465 344 506 bonus
364 470 540 505 amatur
557 463 613 504 ab
633 475 704 513 eo,
726 463 802 517 qui
819 463 967 503 nollet
982 461 1070 503 hoc
1090 474 1208 513 esse,
1229 463 1366 502 etiam

37 524 77 564 si
100 526 281 576 posset,
311 519 399 561 hoc
426 528 472 561 et
498 519 553 560 de
570 518 796 560 histrione
815 519 1057 559 dicendum
1077 524 1168 570 est,
1195 519 1273 572 qui
1289 531 1366 557 na-

34 585 165 620 turae
196 584 384 619 nostrae
418 577 573 617 socius
606 581 691 617 est.
751 576 938 629 Ergone
965 588 1065 615 amo
1091 576 1138 614 in
1164 574 1365 624 homine,

36 635 159 689 quod
184 635 261 675 odi
286 645 411 685 esse,
441 645 543 674 cum
569 632 654 673 sim
679 630 848 672 homott
879 630 1062 672 Grande
1088 630 1365 684 profundum

36 696 107 732 est
128 691 228 744 ipse
246 689 406 740 homo,
433 689 561 731 cuius
588 689 727 730 etiam
747 687 940 742 capillos
959 692 1024 738 tu,
1042 686 1263 736 Domine,
1284 700 1363 726 nu-

33 752 235 788 meratos
270 745 435 796 habes,
471 750 518 786 et
547 758 639 786 non
669 745 936 786 minuuntur
969 744 1016 784 in
1041 748 1108 793 te3
1144 748 1189 783 et
1210 749 1363 783 tamen

35 802 190 858 capilli
216 803 315 844 eius
336 802 484 857 magis
509 801 818 842 numerabiles
844 805 969 850 sunt,
996 812 1129 853 quam
1155 798 1364 840 adfectus

37 860 161 910 eius,
188 864 234 900 et
249 865 401 901 motus
422 858 575 899 cordis
595 858 708 898 eius.
768 859 825 897 At
841 857 920 897 ille
938 855 1098 897 rhetor
1119 868 1175 896 ex
1190 868 1244 896 eo
1265 860 1365 896 erat

35 927 227 970 genere,
255 928 387 969 quem
408 915 474 956 sic
492 914 718 964 amabam,
744 918 796 953 ut
812 913 977 953 vellem
994 925 1066 953 me
1086 924 1188 954 esse
1208 912 1363 962 talem,

35 977 83 1013 et
104 971 312 1012 errabam
335 970 502 1026 typho,
530 980 576 1011 et
603 968 960 1010 circumferebar
986 970 1107 1010 omni
1133 974 1293 1018 vento,
1320 974 1366 1008 et

34 1028 167 1069 nimis
194 1028 374 1069 occulte
400 1026 689 1082 gubernabar
715 1025 795 1067 abs
821 1031 881 1066 te.
941 1026 1000 1065 Et
1023 1025 1143 1066 unde
1169 1025 1290 1074 scio,
1320 1030 1366 1064 et

32 1084 151 1125 unde
175 1090 327 1125 certus
353 1084 579 1125 confiteor
604 1083 712 1132 tibi,
738 1082 861 1136 quod
884 1082 1012 1123 illum
1030 1083 1077 1122 in
1096 1094 1251 1123 amore
1269 1081 1346 1122 lau

34 1140 238 1180 dantium
263 1141 411 1195 magis
437 1152 718 1190 amaveram,
753 1152 886 1193 quam
912 1139 960 1179 in
983 1138 1121 1179 rebus
1142 1138 1277 1192 ipsiS,
1307 1137 1362 1178 de

32 1195 198 1250 quibus
227 1193 528 1239 laudabatur?
562 1196 681 1245 Quia
699 1195 740 1236 si
763 1208 855 1236 non
877 1194 1111 1236 laudatum
1129 1195 1361 1247 vitupera-

33 1258 136 1293 rent
159 1266 262 1294 eum
279 1253 420 1294 iidem
436 1253 541 1306 ipsi,
562 1257 608 1293 et
624 1252 926 1305 vituperando
948 1256 1082 1305 atque
1104 1250 1360 1305 spernendo

35 1309 562 1362 eaipsanarrarent,non
580 1308 859 1349 accenderer
876 1308 924 1348 in
944 1319 1044 1347 eum
1066 1313 1112 1348 et
1129 1319 1220 1346 non
1239 1307 1359 1347 exci-

31 1370 170 1406 tarer.
229 1365 290 1406 Et
315 1370 440 1406 certe
459 1377 534 1405 res
554 1377 645 1404 non
665 1364 784 1404 aliae
803 1363 981 1413 forent,
1005 1375 1090 1403 nec
1107 1361 1243 1402 homo
1263 1363 1362 1415 ipse

32 1420 172 1470 alius,
205 1421 288 1461 sed
318 1420 634 1462 tantummodo
675 1420 791 1460 alius
816 1419 1025 1460 adfectus
1065 1418 1361 1458 narrantium.

32 1477 169 1526 Ecce,
194 1476 272 1517 ubi
296 1477 420 1518 iacet
449 1477 599 1517 anima
617 1476 796 1516 infirma
820 1476 1021 1516 nondum
1039 1473 1233 1515 haerens
1255 1474 1363 1514 soli-

33 1533 168 1573 ditati
184 1533 419 1575 veritatistt
439 1533 589 1575 Sicut
606 1544 764 1573 aurae
780 1532 1079 1586 linguarum
1104 1530 1363 1570 flaverint

30 1601 56 1628 a
79 1589 387 1642 pectoribus
421 1590 776 1644 opinantium,
811 1589 888 1628 ita
916 1588 1091 1628 fertur
1123 1592 1175 1627 et
1203 1587 1359 1626 verti-

29 1651 114 1685 tur
150 1651 438 1701 torquetur
478 1659 535 1686 ac
573 1649 935 1698 retorquetur,
985 1648 1037 1684 et
1079 1642 1358 1683 obnubila-

29 1707 113 1741 tur
134 1703 180 1742 ei
201 1703 386 1754 lumen,
419 1707 472 1743 et
495 1714 602 1742 non
632 1701 869 1742 cernitur
892 1700 1109 1741 veritas.
1168 1699 1227 1738 Et
1249 1710 1357 1738 ecce

31 1764 102 1798 est
119 1764 222 1799 ante
246 1772 346 1800 nos.
405 1758 465 1798 Et
482 1770 694 1812 magnum
712 1757 926 1811 quiddam
940 1755 1052 1797 mihi
1070 1760 1187 1806 erat,
1211 1755 1249 1795 si
1264 1766 1357 1794 ser-

29 1826 102 1853 mo
121 1826 248 1855 meus
267 1821 313 1856 et
328 1815 481 1855 studia
497 1814 681 1854 meailli
693 1815 791 1854 viro
811 1814 1172 1853 innotescerent.
1230 1810 1356 1859 Quae

31 1870 71 1909 si
91 1871 324 1923 probaret,
350 1870 594 1925 flagrarem
617 1870 785 1924 magis3
813 1870 853 1911 si
882 1875 1033 1909 autem
1058 1867 1355 1921 improbaret,

31 1927 317 1967 sauciaretur
343 1939 423 1967 cor
445 1939 609 1966 vanum
629 1932 674 1966 et
691 1927 826 1966 inane
847 1925 1097 1966 soliditatis
1116 1930 1237 1964 tuae.
1298 1923 1357 1962 Et

27 1986 177 2025 tamen
194 1982 431 2036 pulchrum
450 1982 565 2023 illud
579 1988 714 2037 atque
729 1987 897 2037 aptum,
912 1981 1032 2022 unde
1050 1980 1106 2020 ad
1126 1992 1228 2020 eum
1246 1979 1354 2019 scri-

27 2050 227 2092 pseram,
253 2039 451 2080 libenter
471 2038 622 2079 animo
645 2039 900 2089 versabam,
926 2038 982 2078 ob
1004 2049 1055 2077 os
1077 2034 1352 2088 contempla-

27 2094 167 2136 tionis
184 2107 335 2146 meae,
363 2100 408 2135 et
425 2094 550 2135 nullo
570 2095 886 2137 collaudatore
903 2092 1117 2134 mirabar.

113 2150 160 2191 C.
187 2151 287 2192 XV.
350 2150 440 2193 Sed
458 2155 612 2191 tantae
628 2151 699 2191 rei
717 2151 949 2192 cardinem
965 2150 1013 2188 in
1031 2153 1128 2188 arte
1146 2152 1224 2187 tua
1241 2158 1350 2186 non·

29 2205 132 2246 dum
149 2207 373 2258 videbam,
395 2207 710 2261 Omnipotens,
727 2208 803 2261 qui
820 2205 936 2247 facis
953 2203 1183 2245 mimbilia
1201 2202 1349 2252 solus,
