<?xml version="1.0" encoding="UTF-8"?>
<!DOCTYPE html PUBLIC "-//W3C//DTD XHTML 1.0 Transitional//EN"
    "http://www.w3.org/TR/xhtml1/DTD/xhtml1-transitional.dtd">
<html xmlns="http://www.w3.org/1999/xhtml" xml:lang="en" lang="en">
 <head>
  <title>
</title>
<meta http-equiv="Content-Type" content="text/html;charset=utf-8" />
  <meta name='ocr-system' content='tesseract 3.04.00' />
  <meta name='ocr-capabilities' content='ocr_page ocr_carea ocr_par ocr_line ocrx_word'/>
</head>
<body>
  <div class='ocr_page' id='page_1' title='image "./saureliiaugustin00augu_0176.png"; bbox 0 0 1473 2443; ppageno 0'>
   <div class='ocr_carea' id='block_1_1' title="bbox 39 159 1030 205">
    <p class='ocr_par' dir='ltr' id='par_1_1' title="bbox 39 159 1030 205">
     <span class='ocr_line' id='line_1_1' title="bbox 39 159 1030 205; baseline -0.002 -1"><span class='ocrx_word' id='word_1_1' title='bbox 39 163 118 204; x_wconf 84' lang='lat'>150</span> <span class='ocrx_word' id='word_1_2' title='bbox 364 161 633 204; x_wconf 86' lang='lat' dir='ltr'>AURELII</span> <span class='ocrx_word' id='word_1_3' title='bbox 662 159 1030 205; x_wconf 82' lang='lat' dir='ltr'><strong>AUGUSTINI</strong></span> 
     </span>
    </p>
   </div>
   <div class='ocr_carea' id='block_1_2' title="bbox 35 246 1363 2302">
    <p class='ocr_par' dir='ltr' id='par_1_2' title="bbox 35 246 1356 844">
     <span class='ocr_line' id='line_1_2' title="bbox 36 246 1351 301; baseline -0.003 -14"><span class='ocrx_word' id='word_1_4' title='bbox 36 258 222 288; x_wconf 86' lang='lat' dir='ltr'>monere</span> <span class='ocrx_word' id='word_1_5' title='bbox 241 259 397 288; x_wconf 89' lang='lat' dir='ltr'>omnes</span> <span class='ocrx_word' id='word_1_6' title='bbox 415 259 541 289; x_wconf 91' lang='lat' dir='ltr'>meos</span> <span class='ocrx_word' id='word_1_7' title='bbox 560 247 637 301; x_wconf 91' lang='lat' dir='ltr'>qui</span> <span class='ocrx_word' id='word_1_8' title='bbox 653 247 855 298; x_wconf 87' lang='lat' dir='ltr'>aderant,</span> <span class='ocrx_word' id='word_1_9' title='bbox 870 251 921 288; x_wconf 83' lang='lat' dir='ltr'>ut</span> <span class='ocrx_word' id='word_1_10' title='bbox 939 246 1290 301; x_wconf 78' lang='lat' dir='ltr'>deprecarentur</span> <span class='ocrx_word' id='word_1_11' title='bbox 1307 248 1351 284; x_wconf 88' lang='lat' dir='ltr'>te</span> 
     </span>
     <span class='ocr_line' id='line_1_3' title="bbox 35 299 1351 357; baseline -0.003 -14"><span class='ocrx_word' id='word_1_12' title='bbox 35 315 117 357; x_wconf 91' lang='lat' dir='ltr'>pro</span> <span class='ocrx_word' id='word_1_13' title='bbox 136 315 222 353; x_wconf 89' lang='lat' dir='ltr'>me,</span> <span class='ocrx_word' id='word_1_14' title='bbox 243 302 391 343; x_wconf 91' lang='lat' dir='ltr'>Deum</span> <span class='ocrx_word' id='word_1_15' title='bbox 408 304 568 343; x_wconf 85' lang='lat' dir='ltr'>salutis</span> <span class='ocrx_word' id='word_1_16' title='bbox 587 304 887 344; x_wconf 84' lang='lat' dir='ltr'>omnimodae.</span> <span class='ocrx_word' id='word_1_17' title='bbox 947 303 1005 342; x_wconf 89' lang='lat' dir='ltr'>Et</span> <span class='ocrx_word' id='word_1_18' title='bbox 1022 301 1185 355; x_wconf 85' lang='lat' dir='ltr'>scripsi</span> <span class='ocrx_word' id='word_1_19' title='bbox 1201 299 1289 340; x_wconf 87' lang='lat' dir='ltr'>hoc</span> <span class='ocrx_word' id='word_1_20' title='bbox 1304 301 1351 340; x_wconf 92' lang='lat' dir='ltr'>in</span> 
     </span>
     <span class='ocr_line' id='line_1_4' title="bbox 37 355 1351 412; baseline -0.002 -14"><span class='ocrx_word' id='word_1_21' title='bbox 37 371 161 407; x_wconf 88' lang='lat' dir='ltr'>cera,</span> <span class='ocrx_word' id='word_1_22' title='bbox 183 363 228 399; x_wconf 91' lang='lat' dir='ltr'>et</span> <span class='ocrx_word' id='word_1_23' title='bbox 245 358 351 399; x_wconf 90' lang='lat' dir='ltr'>dedi</span> <span class='ocrx_word' id='word_1_24' title='bbox 368 364 418 398; x_wconf 92' lang='lat' dir='ltr'>ut</span> <span class='ocrx_word' id='word_1_25' title='bbox 436 360 502 399; x_wconf 89' lang='lat' dir='ltr'>eis</span> <span class='ocrx_word' id='word_1_26' title='bbox 520 359 765 412; x_wconf 85' lang='lat' dir='ltr'>legeretur.</span> <span class='ocrx_word' id='word_1_27' title='bbox 823 359 935 400; x_wconf 84' lang='lat' dir='ltr'>Mox</span> <span class='ocrx_word' id='word_1_28' title='bbox 951 363 1000 398; x_wconf 93' lang='lat' dir='ltr'>ut</span> <span class='ocrx_word' id='word_1_29' title='bbox 1019 370 1167 412; x_wconf 83' lang='lat' dir='ltr'>genua</span> <span class='ocrx_word' id='word_1_30' title='bbox 1186 355 1351 408; x_wconf 91' lang='lat' dir='ltr'>suppli·</span> 
     </span>
     <span class='ocr_line' id='line_1_5' title="bbox 37 410 1354 468; baseline -0.002 -15"><span class='ocrx_word' id='word_1_31' title='bbox 37 415 77 454; x_wconf 90' lang='lat' dir='ltr'>ci</span> <span class='ocrx_word' id='word_1_32' title='bbox 102 413 287 454; x_wconf 86' lang='lat' dir='ltr'>adfectu</span> <span class='ocrx_word' id='word_1_33' title='bbox 304 415 506 464; x_wconf 77' lang='lat' dir='ltr'>fiximus,</span> <span class='ocrx_word' id='word_1_34' title='bbox 525 413 645 468; x_wconf 85' lang='lat' dir='ltr'>fugit</span> <span class='ocrx_word' id='word_1_35' title='bbox 662 416 793 455; x_wconf 89' lang='lat' dir='ltr'>dolor</span> <span class='ocrx_word' id='word_1_36' title='bbox 813 415 908 455; x_wconf 88' lang='lat' dir='ltr'>ille.</span> <span class='ocrx_word' id='word_1_37' title='bbox 968 413 1059 454; x_wconf 87' lang='lat' dir='ltr'>Sed</span> <span class='ocrx_word' id='word_1_38' title='bbox 1078 414 1176 466; x_wconf 93' lang='lat' dir='ltr'>quis</span> <span class='ocrx_word' id='word_1_39' title='bbox 1196 410 1354 451; x_wconf 58' lang='lat' dir='ltr'>dolor?</span> 
     </span>
     <span class='ocr_line' id='line_1_6' title="bbox 39 469 1350 524; baseline -0.002 -15"><span class='ocrx_word' id='word_1_40' title='bbox 39 475 116 510; x_wconf 85' lang='lat' dir='ltr'>aut</span> <span class='ocrx_word' id='word_1_41' title='bbox 141 470 370 523; x_wconf 89' lang='lat' dir='ltr'>quomodo</span> <span class='ocrx_word' id='word_1_42' title='bbox 395 469 541 523; x_wconf 60' lang='lat' dir='ltr'>fugit?</span> <span class='ocrx_word' id='word_1_43' title='bbox 570 471 756 524; x_wconf 72' lang='lat' dir='ltr'>Expavi,</span> <span class='ocrx_word' id='word_1_44' title='bbox 789 469 962 519; x_wconf 88' lang='lat' dir='ltr'>fateor,</span> <span class='ocrx_word' id='word_1_45' title='bbox 987 469 1182 508; x_wconf 86' lang='lat' dir='ltr'>Domine</span> <span class='ocrx_word' id='word_1_46' title='bbox 1205 479 1350 515; x_wconf 85' lang='lat' dir='ltr'>meus,</span> 
     </span>
     <span class='ocr_line' id='line_1_7' title="bbox 37 525 1352 576; baseline -0.003 -11"><span class='ocrx_word' id='word_1_47' title='bbox 37 526 163 565; x_wconf 87' lang='lat' dir='ltr'>Deus</span> <span class='ocrx_word' id='word_1_48' title='bbox 186 538 334 576; x_wconf 83' lang='lat' dir='ltr'>meus3</span> <span class='ocrx_word' id='word_1_49' title='bbox 365 525 480 565; x_wconf 87' lang='lat' dir='ltr'>nihil</span> <span class='ocrx_word' id='word_1_50' title='bbox 503 527 621 566; x_wconf 90' lang='lat' dir='ltr'>enim</span> <span class='ocrx_word' id='word_1_51' title='bbox 638 527 728 566; x_wconf 88' lang='lat' dir='ltr'>tale</span> <span class='ocrx_word' id='word_1_52' title='bbox 748 526 803 566; x_wconf 91' lang='lat' dir='ltr'>ab</span> <span class='ocrx_word' id='word_1_53' title='bbox 821 526 1005 565; x_wconf 89' lang='lat' dir='ltr'>ineunte</span> <span class='ocrx_word' id='word_1_54' title='bbox 1025 529 1175 564; x_wconf 88' lang='lat' dir='ltr'>aetate</span> <span class='ocrx_word' id='word_1_55' title='bbox 1197 534 1352 576; x_wconf 84' lang='lat' dir='ltr'>exper-</span> 
     </span>
     <span class='ocr_line' id='line_1_8' title="bbox 37 579 1353 632; baseline -0.003 -11"><span class='ocrx_word' id='word_1_56' title='bbox 37 587 111 621; x_wconf 88' lang='lat' dir='ltr'>tus</span> <span class='ocrx_word' id='word_1_57' title='bbox 137 580 325 621; x_wconf 87' lang='lat' dir='ltr'>fueram.</span> <span class='ocrx_word' id='word_1_58' title='bbox 384 581 443 621; x_wconf 86' lang='lat' dir='ltr'>Et</span> <span class='ocrx_word' id='word_1_59' title='bbox 468 582 683 621; x_wconf 86' lang='lat' dir='ltr'>insinuati</span> <span class='ocrx_word' id='word_1_60' title='bbox 710 586 814 621; x_wconf 90' lang='lat' dir='ltr'>sunt</span> <span class='ocrx_word' id='word_1_61' title='bbox 835 579 945 620; x_wconf 90' lang='lat' dir='ltr'>mihi</span> <span class='ocrx_word' id='word_1_62' title='bbox 968 581 1013 619; x_wconf 90' lang='lat' dir='ltr'>in</span> <span class='ocrx_word' id='word_1_63' title='bbox 1032 579 1257 632; x_wconf 87' lang='lat' dir='ltr'>profundo</span> <span class='ocrx_word' id='word_1_64' title='bbox 1277 591 1353 617; x_wconf 90' lang='lat' dir='ltr'>nu-</span> 
     </span>
     <span class='ocr_line' id='line_1_9' title="bbox 38 633 1356 691; baseline -0.004 -14"><span class='ocrx_word' id='word_1_65' title='bbox 38 642 112 677; x_wconf 91' lang='lat' dir='ltr'>tus</span> <span class='ocrx_word' id='word_1_66' title='bbox 135 639 224 685; x_wconf 92' lang='lat' dir='ltr'>tui,</span> <span class='ocrx_word' id='word_1_67' title='bbox 251 642 295 676; x_wconf 91' lang='lat' dir='ltr'>et</span> <span class='ocrx_word' id='word_1_68' title='bbox 318 637 519 691; x_wconf 83' lang='lat' dir='ltr'>gaudens</span> <span class='ocrx_word' id='word_1_69' title='bbox 546 637 592 676; x_wconf 89' lang='lat' dir='ltr'>in</span> <span class='ocrx_word' id='word_1_70' title='bbox 616 637 703 677; x_wconf 84' lang='lat' dir='ltr'>fide</span> <span class='ocrx_word' id='word_1_71' title='bbox 722 637 903 676; x_wconf 87' lang='lat' dir='ltr'>laudavi</span> <span class='ocrx_word' id='word_1_72' title='bbox 920 648 1081 675; x_wconf 90' lang='lat' dir='ltr'>nomen</span> <span class='ocrx_word' id='word_1_73' title='bbox 1099 640 1239 674; x_wconf 88' lang='lat' dir='ltr'>tuum.</span> <span class='ocrx_word' id='word_1_74' title='bbox 1298 633 1356 672; x_wconf 90' lang='lat' dir='ltr'>Et</span> 
     </span>
     <span class='ocr_line' id='line_1_10' title="bbox 41 690 1354 743; baseline -0.002 -12"><span class='ocrx_word' id='word_1_75' title='bbox 41 705 95 732; x_wconf 87' lang='lat' dir='ltr'>ea</span> <span class='ocrx_word' id='word_1_76' title='bbox 119 692 232 732; x_wconf 85' lang='lat' dir='ltr'>fides</span> <span class='ocrx_word' id='word_1_77' title='bbox 258 705 327 732; x_wconf 90' lang='lat' dir='ltr'>me</span> <span class='ocrx_word' id='word_1_78' title='bbox 353 705 562 733; x_wconf 88' lang='lat' dir='ltr'>securum</span> <span class='ocrx_word' id='word_1_79' title='bbox 586 705 687 733; x_wconf 92' lang='lat' dir='ltr'>esse</span> <span class='ocrx_word' id='word_1_80' title='bbox 710 705 801 732; x_wconf 87' lang='lat' dir='ltr'>non</span> <span class='ocrx_word' id='word_1_81' title='bbox 827 691 1004 732; x_wconf 86' lang='lat' dir='ltr'>sinebat</span> <span class='ocrx_word' id='word_1_82' title='bbox 1023 691 1077 730; x_wconf 88' lang='lat' dir='ltr'>de</span> <span class='ocrx_word' id='word_1_83' title='bbox 1096 690 1354 743; x_wconf 85' lang='lat' dir='ltr'>praeteritis</span> 
     </span>
     <span class='ocr_line' id='line_1_11' title="bbox 40 744 1356 803; baseline -0.004 -15"><span class='ocrx_word' id='word_1_84' title='bbox 40 749 241 802; x_wconf 85' lang='lat' dir='ltr'>peccatis</span> <span class='ocrx_word' id='word_1_85' title='bbox 259 749 391 799; x_wconf 91' lang='lat' dir='ltr'>meis,</span> <span class='ocrx_word' id='word_1_86' title='bbox 418 761 532 802; x_wconf 88' lang='lat' dir='ltr'>quac</span> <span class='ocrx_word' id='word_1_87' title='bbox 550 747 657 789; x_wconf 90' lang='lat' dir='ltr'>mihi</span> <span class='ocrx_word' id='word_1_88' title='bbox 676 761 756 803; x_wconf 87' lang='lat' dir='ltr'>per</span> <span class='ocrx_word' id='word_1_89' title='bbox 773 748 1044 801; x_wconf 89' lang='lat' dir='ltr'>baptismum</span> <span class='ocrx_word' id='word_1_90' title='bbox 1059 752 1184 786; x_wconf 88' lang='lat' dir='ltr'>tuum</span> <span class='ocrx_word' id='word_1_91' title='bbox 1200 744 1356 785; x_wconf 88' lang='lat' dir='ltr'>remis-</span> 
     </span>
     <span class='ocr_line' id='line_1_12' title="bbox 46 804 474 844; baseline 0.002 -1"><span class='ocrx_word' id='word_1_92' title='bbox 46 816 98 844; x_wconf 87' lang='lat' dir='ltr'>sa</span> <span class='ocrx_word' id='word_1_93' title='bbox 114 804 313 844; x_wconf 90' lang='lat' dir='ltr'>nondum</span> <span class='ocrx_word' id='word_1_94' title='bbox 331 811 474 844; x_wconf 86' lang='lat' dir='ltr'>erant.</span> 
     </span>
    </p>

    <p class='ocr_par' dir='ltr' id='par_1_3' title="bbox 40 857 1363 1693">
     <span class='ocr_line' id='line_1_13' title="bbox 128 857 1358 914; baseline -0.004 -15"><span class='ocrx_word' id='word_1_95' title='bbox 128 860 175 899; x_wconf 86' lang='lat' dir='ltr'>C.</span> <span class='ocrx_word' id='word_1_96' title='bbox 200 859 254 900; x_wconf 92' lang='lat' dir='ltr'>V.</span> <span class='ocrx_word' id='word_1_97' title='bbox 313 859 587 900; x_wconf 78' lang='lat' dir='ltr'>Renuntiavi</span> <span class='ocrx_word' id='word_1_98' title='bbox 641 861 837 914; x_wconf 84' lang='lat' dir='ltr'>peractis</span> <span class='ocrx_word' id='word_1_99' title='bbox 886 857 1254 906; x_wconf 82' lang='lat' dir='ltr'>vindemialibus,</span> <span class='ocrx_word' id='word_1_100' title='bbox 1309 861 1358 895; x_wconf 88' lang='lat' dir='ltr'>ut</span> 
     </span>
     <span class='ocr_line' id='line_1_14' title="bbox 43 911 1355 957; baseline -0.004 -2"><span class='ocrx_word' id='word_1_101' title='bbox 43 913 333 955; x_wconf 79' lang='lat' dir='ltr'>scholasticis</span> <span class='ocrx_word' id='word_1_102' title='bbox 366 917 460 955; x_wconf 90' lang='lat' dir='ltr'>suis</span> <span class='ocrx_word' id='word_1_103' title='bbox 492 916 862 957; x_wconf 83' lang='lat' dir='ltr'>Mediolanenses</span> <span class='ocrx_word' id='word_1_104' title='bbox 895 915 1176 955; x_wconf 82' lang='lat' dir='ltr'>venditorem</span> <span class='ocrx_word' id='word_1_105' title='bbox 1199 911 1355 952; x_wconf 83' lang='lat' dir='ltr'>verbo-</span> 
     </span>
     <span class='ocr_line' id='line_1_15' title="bbox 41 966 1360 1025; baseline -0.004 -15"><span class='ocrx_word' id='word_1_106' title='bbox 41 983 141 1010; x_wconf 91' lang='lat' dir='ltr'>rum</span> <span class='ocrx_word' id='word_1_107' title='bbox 159 971 295 1010; x_wconf 85' lang='lat' dir='ltr'>alium</span> <span class='ocrx_word' id='word_1_108' title='bbox 316 972 620 1024; x_wconf 84' lang='lat' dir='ltr'>providerent,</span> <span class='ocrx_word' id='word_1_109' title='bbox 643 972 762 1025; x_wconf 91' lang='lat' dir='ltr'>quod</span> <span class='ocrx_word' id='word_1_110' title='bbox 782 977 827 1011; x_wconf 88' lang='lat' dir='ltr'>et</span> <span class='ocrx_word' id='word_1_111' title='bbox 844 972 924 1011; x_wconf 84' lang='lat' dir='ltr'>tibi</span> <span class='ocrx_word' id='word_1_112' title='bbox 943 983 1029 1024; x_wconf 82' lang='lat' dir='ltr'>ego</span> <span class='ocrx_word' id='word_1_113' title='bbox 1050 970 1219 1009; x_wconf 86' lang='lat' dir='ltr'>servire</span> <span class='ocrx_word' id='word_1_114' title='bbox 1239 966 1360 1007; x_wconf 89' lang='lat' dir='ltr'>dele·</span> 
     </span>
     <span class='ocr_line' id='line_1_16' title="bbox 43 1021 1363 1080; baseline -0.005 -14"><span class='ocrx_word' id='word_1_115' title='bbox 43 1028 236 1080; x_wconf 88' lang='lat' dir='ltr'>gissem,</span> <span class='ocrx_word' id='word_1_116' title='bbox 272 1031 317 1065; x_wconf 89' lang='lat' dir='ltr'>et</span> <span class='ocrx_word' id='word_1_117' title='bbox 340 1027 409 1067; x_wconf 92' lang='lat' dir='ltr'>illi</span> <span class='ocrx_word' id='word_1_118' title='bbox 432 1026 712 1080; x_wconf 82' lang='lat' dir='ltr'>professioni</span> <span class='ocrx_word' id='word_1_119' title='bbox 734 1039 842 1080; x_wconf 89' lang='lat' dir='ltr'>prae</span> <span class='ocrx_word' id='word_1_120' title='bbox 869 1026 1137 1066; x_wconf 83' lang='lat' dir='ltr'>difficultate</span> <span class='ocrx_word' id='word_1_121' title='bbox 1161 1021 1363 1077; x_wconf 88' lang='lat' dir='ltr'>spirandi</span> 
     </span>
     <span class='ocr_line' id='line_1_17' title="bbox 42 1078 1363 1135; baseline -0.002 -13"><span class='ocrx_word' id='word_1_122' title='bbox 42 1094 98 1122; x_wconf 86' lang='lat' dir='ltr'>ac</span> <span class='ocrx_word' id='word_1_123' title='bbox 144 1081 304 1121; x_wconf 91' lang='lat' dir='ltr'>dolore</span> <span class='ocrx_word' id='word_1_124' title='bbox 346 1084 545 1135; x_wconf 86' lang='lat' dir='ltr'>pectoris</span> <span class='ocrx_word' id='word_1_125' title='bbox 588 1096 678 1123; x_wconf 90' lang='lat' dir='ltr'>non</span> <span class='ocrx_word' id='word_1_126' title='bbox 718 1084 984 1123; x_wconf 78' lang='lat' dir='ltr'>sufficerem.</span> <span class='ocrx_word' id='word_1_127' title='bbox 1044 1081 1103 1120; x_wconf 87' lang='lat' dir='ltr'>Et</span> <span class='ocrx_word' id='word_1_128' title='bbox 1137 1078 1363 1119; x_wconf 87' lang='lat' dir='ltr'>insinuavi</span> 
     </span>
     <span class='ocr_line' id='line_1_18' title="bbox 41 1133 1362 1192; baseline -0.003 -15"><span class='ocrx_word' id='word_1_129' title='bbox 41 1149 124 1192; x_wconf 85' lang='lat' dir='ltr'>per</span> <span class='ocrx_word' id='word_1_130' title='bbox 139 1137 298 1177; x_wconf 84' lang='lat' dir='ltr'>literas</span> <span class='ocrx_word' id='word_1_131' title='bbox 318 1138 513 1178; x_wconf 85' lang='lat' dir='ltr'>antistiti</span> <span class='ocrx_word' id='word_1_132' title='bbox 531 1143 627 1188; x_wconf 90' lang='lat' dir='ltr'>tuo,</span> <span class='ocrx_word' id='word_1_133' title='bbox 645 1140 743 1178; x_wconf 77' lang='lat' dir='ltr'>viro</span> <span class='ocrx_word' id='word_1_134' title='bbox 764 1143 920 1177; x_wconf 85' lang='lat' dir='ltr'>sancto</span> <span class='ocrx_word' id='word_1_135' title='bbox 940 1137 1194 1185; x_wconf 87' lang='lat' dir='ltr'>Ambrosio,</span> <span class='ocrx_word' id='word_1_136' title='bbox 1212 1133 1362 1189; x_wconf 91' lang='lat' dir='ltr'>pristi-</span> 
     </span>
     <span class='ocr_line' id='line_1_19' title="bbox 40 1195 1362 1246; baseline -0.004 -13"><span class='ocrx_word' id='word_1_137' title='bbox 40 1206 128 1233; x_wconf 86' lang='lat' dir='ltr'>nos</span> <span class='ocrx_word' id='word_1_138' title='bbox 152 1205 332 1233; x_wconf 91' lang='lat' dir='ltr'>errores</span> <span class='ocrx_word' id='word_1_139' title='bbox 355 1206 506 1243; x_wconf 90' lang='lat' dir='ltr'>meos,</span> <span class='ocrx_word' id='word_1_140' title='bbox 530 1198 576 1233; x_wconf 89' lang='lat' dir='ltr'>et</span> <span class='ocrx_word' id='word_1_141' title='bbox 601 1205 817 1246; x_wconf 81' lang='lat' dir='ltr'>praesens</span> <span class='ocrx_word' id='word_1_142' title='bbox 836 1199 990 1232; x_wconf 72' lang='lat' dir='ltr'>votum</span> <span class='ocrx_word' id='word_1_143' title='bbox 1008 1203 1178 1240; x_wconf 87' lang='lat' dir='ltr'>meum,</span> <span class='ocrx_word' id='word_1_144' title='bbox 1203 1195 1252 1230; x_wconf 90' lang='lat' dir='ltr'>ut</span> <span class='ocrx_word' id='word_1_145' title='bbox 1268 1202 1362 1228; x_wconf 88' lang='lat' dir='ltr'>mo-</span> 
     </span>
     <span class='ocr_line' id='line_1_20' title="bbox 43 1245 1361 1303; baseline -0.005 -14"><span class='ocrx_word' id='word_1_146' title='bbox 43 1254 195 1298; x_wconf 84' lang='lat' dir='ltr'>neret,</span> <span class='ocrx_word' id='word_1_147' title='bbox 221 1249 328 1302; x_wconf 91' lang='lat' dir='ltr'>quid</span> <span class='ocrx_word' id='word_1_148' title='bbox 351 1250 638 1303; x_wconf 89' lang='lat' dir='ltr'>potissimum</span> <span class='ocrx_word' id='word_1_149' title='bbox 662 1248 771 1289; x_wconf 90' lang='lat' dir='ltr'>mihi</span> <span class='ocrx_word' id='word_1_150' title='bbox 792 1249 846 1288; x_wconf 92' lang='lat' dir='ltr'>de</span> <span class='ocrx_word' id='word_1_151' title='bbox 866 1249 993 1288; x_wconf 85' lang='lat' dir='ltr'>libris</span> <span class='ocrx_word' id='word_1_152' title='bbox 1012 1247 1102 1287; x_wconf 87' lang='lat' dir='ltr'>tuis</span> <span class='ocrx_word' id='word_1_153' title='bbox 1120 1245 1361 1299; x_wconf 77' lang='lat' dir='ltr'>legendum</span> 
     </span>
     <span class='ocr_line' id='line_1_21' title="bbox 46 1300 1363 1358; baseline -0.004 -14"><span class='ocrx_word' id='word_1_154' title='bbox 46 1310 190 1354; x_wconf 89' lang='lat' dir='ltr'>esset,</span> <span class='ocrx_word' id='word_1_155' title='bbox 246 1317 334 1358; x_wconf 91' lang='lat' dir='ltr'>quo</span> <span class='ocrx_word' id='word_1_156' title='bbox 369 1304 687 1358; x_wconf 85' lang='lat' dir='ltr'>percipiendae</span> <span class='ocrx_word' id='word_1_157' title='bbox 735 1309 889 1344; x_wconf 86' lang='lat' dir='ltr'>tantae</span> <span class='ocrx_word' id='word_1_158' title='bbox 938 1303 1112 1357; x_wconf 83' lang='lat' dir='ltr'>gratiae</span> <span class='ocrx_word' id='word_1_159' title='bbox 1159 1300 1363 1355; x_wconf 86' lang='lat' dir='ltr'>paratior</span> 
     </span>
     <span class='ocr_line' id='line_1_22' title="bbox 42 1355 1361 1414; baseline -0.005 -14"><span class='ocrx_word' id='word_1_160' title='bbox 42 1361 282 1414; x_wconf 87' lang='lat' dir='ltr'>aptiorque</span> <span class='ocrx_word' id='word_1_161' title='bbox 308 1361 478 1401; x_wconf 85' lang='lat' dir='ltr'>fierem.</span> <span class='ocrx_word' id='word_1_162' title='bbox 536 1361 593 1401; x_wconf 86' lang='lat' dir='ltr'>At</span> <span class='ocrx_word' id='word_1_163' title='bbox 612 1360 692 1401; x_wconf 90' lang='lat' dir='ltr'>ille</span> <span class='ocrx_word' id='word_1_164' title='bbox 717 1360 852 1401; x_wconf 88' lang='lat' dir='ltr'>iussit</span> <span class='ocrx_word' id='word_1_165' title='bbox 875 1360 1057 1399; x_wconf 86' lang='lat' dir='ltr'>Esaiam</span> <span class='ocrx_word' id='word_1_166' title='bbox 1074 1355 1361 1411; x_wconf 82' lang='lat' dir='ltr'>prophetam3</span> 
     </span>
     <span class='ocr_line' id='line_1_23' title="bbox 44 1412 1360 1470; baseline -0.005 -13"><span class='ocrx_word' id='word_1_167' title='bbox 44 1416 209 1466; x_wconf 88' lang='lat' dir='ltr'>credo,</span> <span class='ocrx_word' id='word_1_168' title='bbox 246 1416 369 1470; x_wconf 90' lang='lat' dir='ltr'>quod</span> <span class='ocrx_word' id='word_1_169' title='bbox 399 1428 508 1470; x_wconf 85' lang='lat' dir='ltr'>prae</span> <span class='ocrx_word' id='word_1_170' title='bbox 542 1417 738 1457; x_wconf 89' lang='lat' dir='ltr'>caeteris</span> <span class='ocrx_word' id='word_1_171' title='bbox 763 1415 988 1469; x_wconf 82' lang='lat' dir='ltr'>evangelii</span> <span class='ocrx_word' id='word_1_172' title='bbox 1013 1412 1360 1465; x_wconf 84' lang='lat' dir='ltr'>vocationisque</span> 
     </span>
     <span class='ocr_line' id='line_1_24' title="bbox 43 1469 1361 1526; baseline -0.005 -14"><span class='ocrx_word' id='word_1_173' title='bbox 43 1473 246 1526; x_wconf 87' lang='lat' dir='ltr'>gentium</span> <span class='ocrx_word' id='word_1_174' title='bbox 279 1473 340 1512; x_wconf 90' lang='lat' dir='ltr'>sit</span> <span class='ocrx_word' id='word_1_175' title='bbox 369 1474 715 1525; x_wconf 84' lang='lat' dir='ltr'>praenuntiator</span> <span class='ocrx_word' id='word_1_176' title='bbox 748 1473 962 1526; x_wconf 87' lang='lat' dir='ltr'>apertior.</span> <span class='ocrx_word' id='word_1_177' title='bbox 1021 1469 1188 1510; x_wconf 88' lang='lat' dir='ltr'>Verum</span> <span class='ocrx_word' id='word_1_178' title='bbox 1213 1473 1361 1508; x_wconf 89' lang='lat' dir='ltr'>tamen</span> 
     </span>
     <span class='ocr_line' id='line_1_25' title="bbox 45 1526 1360 1582; baseline -0.003 -16"><span class='ocrx_word' id='word_1_179' title='bbox 45 1540 132 1582; x_wconf 83' lang='lat' dir='ltr'>ego</span> <span class='ocrx_word' id='word_1_180' title='bbox 157 1528 343 1581; x_wconf 86' lang='lat' dir='ltr'>primam</span> <span class='ocrx_word' id='word_1_181' title='bbox 369 1527 501 1568; x_wconf 89' lang='lat' dir='ltr'>huius</span> <span class='ocrx_word' id='word_1_182' title='bbox 519 1528 765 1569; x_wconf 83' lang='lat' dir='ltr'>lectionem</span> <span class='ocrx_word' id='word_1_183' title='bbox 783 1540 874 1567; x_wconf 92' lang='lat' dir='ltr'>non</span> <span class='ocrx_word' id='word_1_184' title='bbox 891 1526 1173 1579; x_wconf 83' lang='lat' dir='ltr'>intelligens,</span> <span class='ocrx_word' id='word_1_185' title='bbox 1195 1528 1360 1563; x_wconf 88' lang='lat' dir='ltr'>totum-</span> 
     </span>
     <span class='ocr_line' id='line_1_26' title="bbox 43 1580 1362 1637; baseline -0.005 -13"><span class='ocrx_word' id='word_1_186' title='bbox 43 1595 130 1637; x_wconf 88' lang='lat' dir='ltr'>que</span> <span class='ocrx_word' id='word_1_187' title='bbox 148 1583 287 1624; x_wconf 85' lang='lat' dir='ltr'>talem</span> <span class='ocrx_word' id='word_1_188' title='bbox 306 1584 552 1634; x_wconf 83' lang='lat' dir='ltr'>arbitrans,</span> <span class='ocrx_word' id='word_1_189' title='bbox 580 1584 737 1625; x_wconf 88' lang='lat' dir='ltr'>distuli</span> <span class='ocrx_word' id='word_1_190' title='bbox 753 1583 1049 1637; x_wconf 84' lang='lat' dir='ltr'>repetendum</span> <span class='ocrx_word' id='word_1_191' title='bbox 1068 1580 1362 1620; x_wconf 81' lang='lat' dir='ltr'>exercitatior</span> 
     </span>
     <span class='ocr_line' id='line_1_27' title="bbox 41 1639 557 1693; baseline 0.004 -14"><span class='ocrx_word' id='word_1_192' title='bbox 41 1641 87 1679; x_wconf 90' lang='lat' dir='ltr'>in</span> <span class='ocrx_word' id='word_1_193' title='bbox 107 1639 335 1680; x_wconf 90' lang='lat' dir='ltr'>dominico</span> <span class='ocrx_word' id='word_1_194' title='bbox 357 1640 557 1693; x_wconf 88' lang='lat' dir='ltr'>eloquio.</span> 
     </span>
    </p>

    <p class='ocr_par' dir='ltr' id='par_1_4' title="bbox 41 1693 1359 2302">
     <span class='ocr_line' id='line_1_28' title="bbox 127 1693 1359 1749; baseline -0.003 -15"><span class='ocrx_word' id='word_1_195' title='bbox 127 1695 175 1735; x_wconf 90' lang='lat' dir='ltr'>C.</span> <span class='ocrx_word' id='word_1_196' title='bbox 198 1694 273 1735; x_wconf 94' lang='lat' dir='ltr'>Vl.</span> <span class='ocrx_word' id='word_1_197' title='bbox 334 1695 442 1735; x_wconf 91' lang='lat' dir='ltr'>Inde</span> <span class='ocrx_word' id='word_1_198' title='bbox 466 1695 543 1735; x_wconf 90' lang='lat' dir='ltr'>ubi</span> <span class='ocrx_word' id='word_1_199' title='bbox 563 1701 740 1749; x_wconf 83' lang='lat' dir='ltr'>tempus</span> <span class='ocrx_word' id='word_1_200' title='bbox 764 1693 965 1743; x_wconf 85' lang='lat' dir='ltr'>advenit,</span> <span class='ocrx_word' id='word_1_201' title='bbox 990 1705 1077 1746; x_wconf 95' lang='lat' dir='ltr'>quo</span> <span class='ocrx_word' id='word_1_202' title='bbox 1101 1703 1171 1732; x_wconf 92' lang='lat' dir='ltr'>me</span> <span class='ocrx_word' id='word_1_203' title='bbox 1194 1703 1359 1731; x_wconf 89' lang='lat' dir='ltr'>nomen</span> 
     </span>
     <span class='ocr_line' id='line_1_29' title="bbox 45 1747 1358 1803; baseline -0.004 -12"><span class='ocrx_word' id='word_1_204' title='bbox 45 1750 152 1791; x_wconf 87' lang='lat' dir='ltr'>dare</span> <span class='ocrx_word' id='word_1_205' title='bbox 184 1756 439 1803; x_wconf 85' lang='lat' dir='ltr'>oporteret,</span> <span class='ocrx_word' id='word_1_206' title='bbox 471 1751 636 1792; x_wconf 87' lang='lat' dir='ltr'>relicto</span> <span class='ocrx_word' id='word_1_207' title='bbox 668 1762 774 1790; x_wconf 88' lang='lat' dir='ltr'>rure</span> <span class='ocrx_word' id='word_1_208' title='bbox 807 1748 1118 1789; x_wconf 87' lang='lat' dir='ltr'>Mediolanum</span> <span class='ocrx_word' id='word_1_209' title='bbox 1141 1747 1358 1787; x_wconf 68' lang='lat' dir='ltr'>remeavi-</span> 
     </span>
     <span class='ocr_line' id='line_1_30' title="bbox 41 1803 1358 1861; baseline -0.003 -16"><span class='ocrx_word' id='word_1_210' title='bbox 41 1817 155 1846; x_wconf 89' lang='lat' dir='ltr'>mus.</span> <span class='ocrx_word' id='word_1_211' title='bbox 208 1806 388 1846; x_wconf 85' lang='lat' dir='ltr'>Placuit</span> <span class='ocrx_word' id='word_1_212' title='bbox 405 1811 450 1846; x_wconf 91' lang='lat' dir='ltr'>et</span> <span class='ocrx_word' id='word_1_213' title='bbox 465 1807 629 1861; x_wconf 81' lang='lat' dir='ltr'>Alypio</span> <span class='ocrx_word' id='word_1_214' title='bbox 646 1804 825 1846; x_wconf 89' lang='lat' dir='ltr'>renasci</span> <span class='ocrx_word' id='word_1_215' title='bbox 843 1805 888 1844; x_wconf 92' lang='lat' dir='ltr'>in</span> <span class='ocrx_word' id='word_1_216' title='bbox 905 1809 949 1843; x_wconf 89' lang='lat' dir='ltr'>te</span> <span class='ocrx_word' id='word_1_217' title='bbox 968 1816 1164 1853; x_wconf 87' lang='lat' dir='ltr'>mecum,</span> <span class='ocrx_word' id='word_1_218' title='bbox 1187 1804 1277 1843; x_wconf 90' lang='lat' dir='ltr'>iam</span> <span class='ocrx_word' id='word_1_219' title='bbox 1293 1803 1358 1842; x_wconf 91' lang='lat' dir='ltr'>in-</span> 
     </span>
     <span class='ocr_line' id='line_1_31' title="bbox 43 1857 1357 1912; baseline -0.003 -11"><span class='ocrx_word' id='word_1_220' title='bbox 43 1861 152 1901; x_wconf 88' lang='lat' dir='ltr'>duto</span> <span class='ocrx_word' id='word_1_221' title='bbox 172 1859 425 1902; x_wconf 88' lang='lat' dir='ltr'>humilitate</span> <span class='ocrx_word' id='word_1_222' title='bbox 445 1862 740 1903; x_wconf 82' lang='lat' dir='ltr'>sacramentis</span> <span class='ocrx_word' id='word_1_223' title='bbox 756 1861 848 1901; x_wconf 91' lang='lat' dir='ltr'>tuis</span> <span class='ocrx_word' id='word_1_224' title='bbox 868 1871 1082 1912; x_wconf 83' lang='lat' dir='ltr'>congrua,</span> <span class='ocrx_word' id='word_1_225' title='bbox 1100 1863 1146 1899; x_wconf 92' lang='lat' dir='ltr'>et</span> <span class='ocrx_word' id='word_1_226' title='bbox 1162 1857 1357 1899; x_wconf 89' lang='lat' dir='ltr'>fortissi-</span> 
     </span>
     <span class='ocr_line' id='line_1_32' title="bbox 43 1913 1357 1971; baseline -0.003 -14"><span class='ocrx_word' id='word_1_227' title='bbox 43 1929 116 1957; x_wconf 90' lang='lat' dir='ltr'>mo</span> <span class='ocrx_word' id='word_1_228' title='bbox 142 1916 359 1958; x_wconf 89' lang='lat' dir='ltr'>domitori</span> <span class='ocrx_word' id='word_1_229' title='bbox 383 1918 610 1971; x_wconf 85' lang='lat' dir='ltr'>corporis,</span> <span class='ocrx_word' id='word_1_230' title='bbox 634 1928 778 1971; x_wconf 89' lang='lat' dir='ltr'>usque</span> <span class='ocrx_word' id='word_1_231' title='bbox 801 1917 857 1956; x_wconf 88' lang='lat' dir='ltr'>ad</span> <span class='ocrx_word' id='word_1_232' title='bbox 875 1915 1081 1955; x_wconf 88' lang='lat' dir='ltr'>Italicum</span> <span class='ocrx_word' id='word_1_233' title='bbox 1099 1914 1245 1955; x_wconf 88' lang='lat' dir='ltr'>solum</span> <span class='ocrx_word' id='word_1_234' title='bbox 1265 1913 1357 1967; x_wconf 84' lang='lat' dir='ltr'>gla-</span> 
     </span>
     <span class='ocr_line' id='line_1_33' title="bbox 45 1969 1357 2027; baseline -0.004 -14"><span class='ocrx_word' id='word_1_235' title='bbox 45 1972 160 2013; x_wconf 86' lang='lat' dir='ltr'>ciale</span> <span class='ocrx_word' id='word_1_236' title='bbox 185 1972 306 2013; x_wconf 91' lang='lat' dir='ltr'>nudo</span> <span class='ocrx_word' id='word_1_237' title='bbox 332 1972 447 2027; x_wconf 90' lang='lat' dir='ltr'>pede</span> <span class='ocrx_word' id='word_1_238' title='bbox 473 1973 770 2014; x_wconf 87' lang='lat' dir='ltr'>obterendum</span> <span class='ocrx_word' id='word_1_239' title='bbox 792 1971 982 2012; x_wconf 87' lang='lat' dir='ltr'>insolito</span> <span class='ocrx_word' id='word_1_240' title='bbox 1007 1983 1133 2010; x_wconf 89' lang='lat' dir='ltr'>ausu.</span> <span class='ocrx_word' id='word_1_241' title='bbox 1191 1969 1357 2010; x_wconf 90' lang='lat' dir='ltr'>Adiun-</span> 
     </span>
     <span class='ocr_line' id='line_1_34' title="bbox 43 2027 1356 2082; baseline -0.003 -14"><span class='ocrx_word' id='word_1_242' title='bbox 43 2029 189 2069; x_wconf 84' lang='lat' dir='ltr'>ximus</span> <span class='ocrx_word' id='word_1_243' title='bbox 215 2029 352 2068; x_wconf 89' lang='lat' dir='ltr'>etiam</span> <span class='ocrx_word' id='word_1_244' title='bbox 369 2027 501 2069; x_wconf 89' lang='lat' dir='ltr'>nobis</span> <span class='ocrx_word' id='word_1_245' title='bbox 519 2041 708 2082; x_wconf 89' lang='lat' dir='ltr'>puerum</span> <span class='ocrx_word' id='word_1_246' title='bbox 724 2027 1027 2076; x_wconf 88' lang='lat' dir='ltr'>Adeodatum,</span> <span class='ocrx_word' id='word_1_247' title='bbox 1047 2038 1104 2066; x_wconf 83' lang='lat' dir='ltr'>ex</span> <span class='ocrx_word' id='word_1_248' title='bbox 1117 2037 1189 2065; x_wconf 90' lang='lat' dir='ltr'>me</span> <span class='ocrx_word' id='word_1_249' title='bbox 1204 2029 1356 2064; x_wconf 87' lang='lat' dir='ltr'>natum</span> 
     </span>
     <span class='ocr_line' id='line_1_35' title="bbox 44 2081 1356 2138; baseline -0.004 -15"><span class='ocrx_word' id='word_1_250' title='bbox 44 2085 288 2124; x_wconf 84' lang='lat' dir='ltr'>carnaliter</span> <span class='ocrx_word' id='word_1_251' title='bbox 319 2085 374 2125; x_wconf 89' lang='lat' dir='ltr'>de</span> <span class='ocrx_word' id='word_1_252' title='bbox 407 2089 596 2138; x_wconf 87' lang='lat' dir='ltr'>peccato</span> <span class='ocrx_word' id='word_1_253' title='bbox 628 2095 746 2123; x_wconf 93' lang='lat' dir='ltr'>meo.</span> <span class='ocrx_word' id='word_1_254' title='bbox 806 2084 877 2123; x_wconf 92' lang='lat' dir='ltr'>Tu</span> <span class='ocrx_word' id='word_1_255' title='bbox 898 2083 1014 2123; x_wconf 86' lang='lat' dir='ltr'>bene</span> <span class='ocrx_word' id='word_1_256' title='bbox 1037 2081 1214 2121; x_wconf 87' lang='lat' dir='ltr'>feceras</span> <span class='ocrx_word' id='word_1_257' title='bbox 1239 2091 1356 2119; x_wconf 91' lang='lat' dir='ltr'>eum.</span> 
     </span>
     <span class='ocr_line' id='line_1_36' title="bbox 41 2137 1356 2194; baseline -0.005 -15"><span class='ocrx_word' id='word_1_258' title='bbox 41 2141 270 2180; x_wconf 87' lang='lat' dir='ltr'>Annorum</span> <span class='ocrx_word' id='word_1_259' title='bbox 303 2145 400 2180; x_wconf 84' lang='lat' dir='ltr'>erat</span> <span class='ocrx_word' id='word_1_260' title='bbox 422 2139 564 2180; x_wconf 85' lang='lat' dir='ltr'>ferme</span> <span class='ocrx_word' id='word_1_261' title='bbox 589 2139 865 2194; x_wconf 86' lang='lat' dir='ltr'>quindecim,</span> <span class='ocrx_word' id='word_1_262' title='bbox 900 2144 945 2178; x_wconf 90' lang='lat' dir='ltr'>et</span> <span class='ocrx_word' id='word_1_263' title='bbox 964 2137 1148 2191; x_wconf 84' lang='lat' dir='ltr'>ingenio</span> <span class='ocrx_word' id='word_1_264' title='bbox 1171 2146 1356 2189; x_wconf 81' lang='lat' dir='ltr'>praeve-</span> 
     </span>
     <span class='ocr_line' id='line_1_37' title="bbox 41 2192 1357 2249; baseline -0.004 -16"><span class='ocrx_word' id='word_1_265' title='bbox 41 2195 196 2235; x_wconf 84' lang='lat' dir='ltr'>niebat</span> <span class='ocrx_word' id='word_1_266' title='bbox 226 2196 395 2236; x_wconf 89' lang='lat' dir='ltr'>multos</span> <span class='ocrx_word' id='word_1_267' title='bbox 428 2208 589 2249; x_wconf 84' lang='lat' dir='ltr'>graves</span> <span class='ocrx_word' id='word_1_268' title='bbox 617 2201 662 2236; x_wconf 91' lang='lat' dir='ltr'>et</span> <span class='ocrx_word' id='word_1_269' title='bbox 684 2196 845 2235; x_wconf 86' lang='lat' dir='ltr'>doctos</span> <span class='ocrx_word' id='word_1_270' title='bbox 870 2197 1008 2234; x_wconf 70' lang='lat' dir='ltr'>viros.</span> <span class='ocrx_word' id='word_1_271' title='bbox 1066 2192 1258 2232; x_wconf 86' lang='lat' dir='ltr'>Munera</span> <span class='ocrx_word' id='word_1_272' title='bbox 1279 2195 1357 2229; x_wconf 86' lang='lat' dir='ltr'>tua</span> 
     </span>
     <span class='ocr_line' id='line_1_38' title="bbox 41 2248 1352 2302; baseline -0.005 -13"><span class='ocrx_word' id='word_1_273' title='bbox 41 2251 124 2289; x_wconf 90' lang='lat' dir='ltr'>tibi</span> <span class='ocrx_word' id='word_1_274' title='bbox 143 2252 387 2302; x_wconf 87' lang='lat' dir='ltr'>confiteor,</span> <span class='ocrx_word' id='word_1_275' title='bbox 412 2251 609 2293; x_wconf 88' lang='lat' dir='ltr'>Domine</span> <span class='ocrx_word' id='word_1_276' title='bbox 626 2251 752 2292; x_wconf 85' lang='lat' dir='ltr'>Deus</span> <span class='ocrx_word' id='word_1_277' title='bbox 770 2263 916 2300; x_wconf 90' lang='lat' dir='ltr'>meus,</span> <span class='ocrx_word' id='word_1_278' title='bbox 943 2253 1123 2289; x_wconf 87' lang='lat' dir='ltr'>creator</span> <span class='ocrx_word' id='word_1_279' title='bbox 1142 2248 1352 2296; x_wconf 85' lang='lat' dir='ltr'>onmium,</span> 
     </span>
    </p>
   </div>
  </div>
 </body>
</html>
