1514 2438
293 111 834 154 CONFESSIONUM
864 109 1072 151 LIBER
1101 108 1134 150 Ι.
1330 107 1380 147 19

46 205 136 250 est,
154 198 371 248 Domine,
390 210 482 238 non
501 202 590 247 est,
611 210 691 236 oro
710 203 754 236 te
767 228 777 246 ,
796 195 921 235 Deus
935 207 1078 236 meus.
1129 192 1246 234 Nam
1263 192 1378 233 haec

44 257 146 310 ipsa
168 260 291 305 sunt,
317 266 431 307 quae
451 266 476 292 a
492 253 777 307 paedagogis
798 257 844 292 et
856 251 1110 305 magistris,
1138 262 1165 289 a
1183 250 1376 290 nucibus

47 318 94 353 et
113 311 267 364 pilulis
307 316 353 350 et
377 309 642 363 passeribus
676 309 732 348 ad
755 307 1019 360 praefectos
1047 312 1092 347 et
1113 318 1250 360 reges
1267 336 1278 356 ,
1304 318 1379 345 au-

41 380 166 417 rum,
185 366 392 421 praedia,
411 364 661 418 mancipia,
694 363 808 403 haec
824 364 926 417 ipsa
946 363 1128 403 omnino
1147 374 1261 415 quae
1281 374 1382 402 suc-

46 422 314 465 cedentibus
332 421 582 461 maioribus
598 420 825 460 aetatibus
838 424 1092 467 transeunt,
1108 418 1243 458 sicuti
1261 416 1305 458 fe
1313 430 1383 458 ru·

44 481 103 521 lis
140 479 316 522 maiora
355 477 582 530 supplicia
621 475 885 516 succedunt.
946 474 1235 514 Humilitatis
1269 486 1381 527 ergo

46 537 225 590 signum
242 535 288 573 in
307 538 482 574 statura
498 533 739 587 pueritiae,
756 543 837 572 rex
854 536 1027 579 noster,
1043 529 1265 582 probasti,
1281 542 1384 570 cum

47 591 172 633 aisti:
211 588 383 630 Talium
408 596 473 629 est
490 601 676 643 regnum
703 588 936 628 coelorum.
988 585 1171 637 (Matth.
1201 584 1266 635 19,
1293 586 1381 634 14.)

130 647 177 687 C.
202 646 305 686 XX.
354 645 445 686 Sed
463 651 630 694 tamen,
650 644 862 692 Domine,
885 643 970 682 tibi
990 642 1382 682 excellentissimo

49 708 184 756 atque
212 703 384 756 optimo
413 701 643 742 conditori
663 706 709 740 et
725 699 898 740 rectori
916 698 1252 748 universitatis,
1279 698 1382 738 Deo

48 764 207 800 nostro
236 758 431 813 gratias,
463 757 644 798 etiamsi
668 769 739 796 me
764 767 954 809 puerum
982 760 1158 794 tantum
1184 765 1285 794 esse
1306 766 1383 793 vo-

48 816 229 857 luisses.
289 814 425 854 Eram
452 814 571 853 enim
591 813 728 853 etiam
745 818 875 862 tunc,
900 810 1109 851 vivebam
1128 815 1263 863 atque
1284 822 1384 849 sen-

47 872 232 922 tiebam,
250 882 488 924 meamque
506 869 884 917 incolumitatem,
903 867 1149 920 vestigium
1170 867 1385 906 secretisu

50 929 192 968 simae
210 927 420 976 unitatis,
447 938 504 967 ex
522 938 610 979 qua
629 938 772 974 eram,
800 936 935 964 curae
955 922 1197 973 habebam3
1232 928 1384 962 custo-

52 985 231 1024 diebam
262 983 484 1023 interiore
520 994 658 1022 sensu
681 981 997 1034 integritatem
1019 992 1236 1020 sensuum
1260 990 1383 1018 meo-

48 1053 169 1089 rum,
194 1040 331 1093 inque
356 1039 468 1092 ipsis
496 1038 647 1091 parvis
674 1049 1006 1090 parvarumque
1033 1048 1186 1076 rerum
1210 1036 1384 1088 cogita-

47 1096 249 1137 tionibus
264 1095 456 1135 veritate
474 1094 752 1135 delectabar.
784 1093 904 1133 Falli
920 1092 1146 1141 nolebam,
1163 1091 1386 1131 memoria

47 1152 280 1207 vigebam,
313 1152 546 1192 locutione
580 1150 863 1200 instruebar,
899 1149 1103 1189 amicitia
1135 1147 1384 1195 mulcebar,

47 1207 282 1263 fugiebam
300 1208 530 1258 dolorem,
552 1207 873 1256 abiectionem,
892 1205 1214 1260 ignorantiam.
1265 1203 1386 1251 Quid

46 1265 94 1305 in
110 1265 194 1305 tali
211 1264 439 1305 animante
458 1277 549 1304 non
565 1263 774 1303 mirabile
794 1268 929 1316 atque
948 1261 1207 1303 laudadiless
1224 1262 1279 1301 At
1296 1261 1387 1299 ista

51 1321 203 1360 omnia
230 1319 321 1360 Dei
342 1322 434 1360 mei
458 1321 580 1360 dona
603 1324 728 1370 sunt3
762 1331 854 1359 non
878 1317 986 1358 mihi
1017 1330 1103 1371 ego
1126 1318 1227 1357 dedi
1250 1316 1384 1364 hacc,

51 1382 97 1416 et
112 1377 234 1416 bona
251 1381 377 1426 sunt,
398 1382 443 1417 et
462 1375 574 1416 haec
594 1377 746 1416 omnia
764 1387 866 1428 ego.
914 1375 1069 1414 Bonus
1090 1386 1200 1426 ergo
1222 1379 1292 1413 est
1309 1372 1383 1424 qui

49 1431 162 1472 fecit
192 1444 286 1481 me,
321 1438 367 1472 et
398 1433 496 1486 ipse
532 1437 602 1472 est
632 1431 802 1471 bonum
826 1443 999 1479 meum,
1037 1434 1082 1469 et
1105 1430 1176 1468 illi
1203 1428 1384 1469 exsulto

47 1488 182 1528 bonis
210 1488 441 1538 omnibus,
469 1489 631 1541 quibus
660 1489 796 1527 etiam
814 1499 928 1540 puer
946 1498 1084 1526 eram.
1144 1486 1247 1525 Hoc
1266 1484 1386 1525 enim

48 1545 318 1598 peccabam,
346 1545 467 1597 quod
494 1559 585 1585 non
608 1545 654 1584 in
681 1545 806 1597 ipso,
837 1543 919 1584 sed
943 1545 990 1583 in
1020 1543 1242 1582 creaturis
1270 1541 1386 1589 eius,

48 1613 120 1641 me
141 1606 276 1654 atque
298 1602 509 1651 caeteris,
529 1601 805 1654 voluptates,
824 1599 1148 1649 sublimitates,
1166 1599 1384 1638 veritates

50 1658 346 1711 quaerebam3
380 1663 514 1711 atque
535 1660 599 1698 ita
616 1658 844 1697 irruebam
863 1657 909 1696 in
930 1656 1132 1706 dolores,
1153 1654 1386 1695 confusio-

50 1725 154 1765 nes,
183 1725 378 1754 errores.
442 1714 626 1754 Gratias
652 1714 759 1763 tibi,
787 1713 982 1753 dulcedo
1008 1724 1134 1762 mea,
1164 1718 1210 1752 et
1237 1710 1386 1750 honor

49 1782 200 1820 meus,
237 1779 282 1811 et
307 1771 475 1811 fiducia
499 1783 623 1819 mea,
658 1770 784 1810 Deus
811 1783 952 1810 meus.
1016 1767 1199 1809 Gratias
1225 1767 1307 1808 tibi
1331 1767 1385 1805 de

49 1827 182 1868 donis
208 1828 321 1878 tuis;
355 1828 436 1867 sed
462 1834 512 1867 tu
536 1827 648 1867 mihi
675 1839 729 1866 ea
747 1839 894 1867 serva.
955 1825 1023 1865 Ita
1043 1827 1162 1865 enim
1180 1822 1385 1866 servabis

48 1895 141 1934 me3
172 1889 218 1924 et
235 1884 522 1938 augebuntur
540 1889 586 1924 et
602 1883 910 1936 perficientur,
932 1894 1047 1935 quae
1071 1881 1241 1922 dedisti
1259 1877 1384 1928 mihi,

51 1945 96 1981 et
123 1953 202 1982 ero
228 1940 327 1995 ipse
353 1946 527 1992 tecum;
562 1941 668 1994 quia
694 1945 738 1980 et
767 1946 814 1980 ut
839 1940 922 1979 sim
950 1944 999 1979 tu
1017 1938 1185 1979 dedisti
1202 1934 1327 1978 mihi.

959 2277 1036 2316 82
