1514 2438
280 99 817 145 CONFESSIONUM
847 102 1057 144 LIBER
1086 101 1195 143 Vll.
1327 103 1405 142 103

80 189 375 242 opinarentur
386 193 508 228 tuam
518 189 673 241 potius
689 188 989 229 substantiam
1007 188 1124 228 male
1143 187 1252 242 pati,
1274 200 1406 241 quam

81 257 208 286 suam
245 244 362 284 male
396 243 567 284 facere.
627 244 686 285 Et
715 244 1028 294 intendebam,
1071 249 1122 284 ut
1155 256 1406 293 cernerem,

82 301 205 355 quod
223 300 460 341 audiebam
467 300 683 350 ‚liberum
700 301 890 341 volunta
912 301 950 341 is
970 301 1205 340 arbitrium
1225 312 1409 341 causam

90 369 214 408 esse,
239 362 289 397 ut
310 356 427 396 male
451 356 729 407 faceremus,
758 362 804 397 et
824 369 846 396 r
905 363 999 397 tum
1023 357 1243 397 iudicium
1265 362 1409 407 tuum,

90 420 139 454 ut
154 419 427 466 pateremur,
449 418 494 453 et
513 425 613 453 eam
631 413 849 467 liquidam
870 426 1057 453 cernere
1077 425 1166 453 non
1185 413 1407 454 valebam.

86 471 244 524 ltaque
277 470 421 509 aciem
451 470 618 510 mentis
645 469 700 510 de
724 469 951 522 profundo
981 470 1176 510 educere
1203 474 1409 520 conatus,

87 525 328 580 mergebar
343 526 524 576 iterum,
546 531 591 566 et
608 538 744 579 saepe
766 532 970 575 conatus,
988 527 1230 579 mergebar
1245 526 1410 566 iterum

89 589 225 636 atque
247 582 426 622 iterum.
488 582 766 623 Sublevabat
792 583 910 621 enim
934 595 1005 622 me
1029 582 1075 621 in
1099 583 1246 622 lucem
1270 587 1409 633 tuam,

91 639 212 693 quod
234 644 326 678 tam
348 650 420 677 me
445 638 644 678 sciebam
671 637 840 678 habere
860 638 1162 688 voluntatem,
1189 651 1322 691 quam
1339 650 1410 678 me

88 696 257 735 vivere.
317 694 475 748 Itaque
500 707 600 734 cum
626 695 798 748 aliquid
824 695 989 734 vellem
1008 695 1293 745 autnollcm,
1320 706 1411 734 non

85 752 223 791 alium
254 763 386 803 quam
411 763 482 790 me
506 751 624 790 velle
651 763 704 790 ac
729 751 852 790 nolle
879 751 1164 791 certissimus
1191 763 1336 800 eram,
1366 756 1413 790 et

83 808 149 847 ibi
168 819 269 847 esse
290 819 472 847 causam
490 808 669 859 peceati
685 808 796 857 mei,
822 808 911 846 iam
928 808 1108 861 iamque
1130 806 1410 847 animadver-

83 864 251 904 tebam.
314 862 448 911 Quod
464 869 614 902 autem
633 864 801 903 invitus
819 862 1035 913 facerem,
1054 863 1151 916 pati
1167 876 1238 903 me
1256 863 1411 916 potius

87 932 221 973 quam
240 918 394 959 facere
413 919 644 969 videbam,
667 925 713 959 et
729 919 775 959 id
796 932 884 959 non
907 920 1098 973 culpam,
1119 920 1201 960 sed
1220 931 1413 972 poenam

87 988 188 1016 esse
206 975 486 1025 iudicabam,
509 988 596 1029 qua
612 988 682 1015 me
703 988 793 1015 non
810 976 978 1015 iniuste
997 976 1158 1029 plecti,
1180 981 1224 1016 te
1243 976 1413 1015 iustum

88 1033 314 1086 cogitans,
327 1032 417 1071 cito
431 1031 622 1071 fatebar.
661 1031 750 1073 Sed
768 1044 926 1072 rursus
944 1032 1170 1072 dicebam:
1192 1032 1291 1086 quis
1302 1030 1416 1071 fecit

84 1088 185 1128 me‘}
217 1100 365 1127 nonne
384 1087 508 1128 Deus
528 1100 671 1138 meus,
692 1100 781 1127 non
798 1093 973 1128 tantum
991 1089 1154 1138 bonus,
1168 1088 1248 1129 sed
1269 1088 1413 1141 ipsum

85 1144 281 1185 bonum?
312 1144 439 1184 Unde
467 1145 609 1198 igitur
630 1142 741 1184 mihi
764 1144 882 1184 male
908 1144 1026 1185 velle
1054 1151 1099 1184 et
1126 1145 1243 1184 bene
1274 1144 1414 1193 nolle,

86 1206 138 1241 ut
169 1205 294 1241 esset
326 1212 406 1240 cur
436 1201 556 1240 iuste
587 1213 761 1254 poenas
786 1201 989 1241 lueremit
1022 1201 1134 1249 Quis
1159 1202 1206 1240 in
1230 1213 1301 1240 me
1327 1199 1416 1239 hoc

85 1257 262 1311 posuit,
290 1262 335 1296 et
352 1257 520 1296 insevit
536 1256 643 1296 mihi
663 1257 937 1309 plantarium
958 1257 1294 1307 amaritudinis,
1316 1269 1415 1296 cum

85 1319 212 1353 totus
241 1313 397 1352 fierem
425 1325 450 1351 a
469 1312 735 1353 dulcissimo
755 1313 856 1352 Deo
877 1313 1009 1353 meo‘.l
1040 1312 1090 1354 Si
1109 1313 1321 1353 diabolus
1341 1325 1415 1352 au-

89 1374 209 1418 ctor,
236 1369 355 1409 unde
380 1369 478 1421 ipse
507 1368 744 1408 diabolus?
778 1369 912 1416 Quod
938 1370 977 1409 si
1003 1374 1050 1409 et
1074 1370 1172 1422 ipse
1198 1381 1417 1421 perversa

85 1425 321 1465 voluntate
343 1437 397 1464 ex
414 1424 535 1463 bono
557 1425 721 1478 angelo
737 1424 946 1464 diabolus
965 1424 1114 1464 factus
1134 1430 1217 1474 est,
1231 1424 1350 1464 unde
1372 1430 1419 1464 et

85 1482 133 1520 in
151 1481 251 1533 ipso
269 1480 481 1520 voluntas
499 1480 632 1529 mala,
646 1493 734 1533 qua
752 1481 962 1520 diabolus
981 1481 1127 1529 fieret,
1148 1481 1328 1533 quando
1347 1486 1416 1520 to-

85 1543 161 1577 tus
188 1536 377 1590 angelus
406 1548 431 1575 a
456 1536 695 1575 conditore
724 1537 896 1589 optimo
922 1536 1071 1577 factus
1097 1542 1221 1576 esset
1240 1536 1417 1576 bonusit

88 1593 174 1633 His
200 1592 561 1646 cogitationibus
583 1592 870 1645 deprimebar
889 1594 1054 1632 iterum
1074 1598 1120 1632 et
1138 1592 1414 1633 suffocabar.

90 1649 182 1690 Sed
199 1662 289 1689 non
306 1660 450 1701 usque
470 1648 526 1687 ad
543 1648 669 1688 illum
686 1648 914 1688 infernum
930 1649 1217 1689 subducebar
1229 1650 1415 1698 erroris,

88 1705 165 1745 ubi
198 1717 330 1745 nemo
367 1704 610 1745 confitetur
641 1705 746 1755 tibi,
782 1705 885 1746 dum
909 1711 958 1746 tu
982 1706 1137 1759 potius
1163 1705 1284 1746 mala
1305 1705 1415 1758 pati,

91 1774 223 1815 quam
242 1760 377 1801 homo
397 1760 552 1800 facere
570 1768 770 1814 putatur.

174 1818 222 1858 C.
246 1816 322 1858 IV.
385 1816 460 1858 Sic
480 1818 597 1857 enim
616 1817 795 1858 nitebar
815 1823 1001 1858 caetera
1016 1818 1238 1867 invenire,
1260 1822 1311 1857 ut
1325 1818 1416 1856 iam

87 1875 350 1913 inveneram
360 1873 523 1913 melius
537 1886 638 1914 esse
654 1875 1018 1928 incorruptibile,
1042 1887 1173 1928 quam
1193 1874 1416 1927 corrupti-

87 1929 203 1979 bile,
224 1934 269 1969 et
284 1929 389 1969 ideo
408 1934 475 1979 te,
497 1931 716 1984 quidquid
737 1943 878 1980 esses,
899 1943 1000 1972 esse
1018 1930 1414 1985 incorruptibilem

90 1986 356 2026 confitebar.
416 1983 599 2039 Neque
635 1987 778 2026 enim
811 1988 925 2027 ulla
958 1988 1134 2027 anima
1167 1998 1412 2039 umquam

86 2043 271 2095 potuit
307 2042 583 2095 poteritve
619 2044 869 2096 cogitare
903 2043 1134 2096 aliquid,
1176 2042 1315 2095 quod
1342 2042 1416 2081 sit

87 2103 141 2138 te
174 2098 392 2148 melius,
428 2098 517 2150 qui
553 2112 802 2140 summum
837 2106 891 2139 et
925 2100 1184 2154 optimum
1217 2099 1414 2137 bonum

92 2166 160 2195 es.
222 2155 332 2194 Cum
362 2159 513 2194 autem
537 2156 776 2196 verissime
809 2162 943 2209 atque
977 2156 1232 2196 certissime
1266 2154 1414 2192 incor-

89 2210 304 2265 ruptibile
339 2211 628 2264 corruptibili
659 2218 992 2265 praeponatur,
1039 2212 1157 2251 sicut
1199 2211 1289 2249 iam
1326 2221 1412 2263 ego
