1473 2443
97 113 149 153 64
423 109 701 153 AURELII
729 110 1102 153 AUGUSTINI

99 196 227 250 (Sap.
249 196 313 246 13,
332 195 392 247 9.)
429 195 635 249 quoniam
652 208 837 250 magnus
856 209 917 246 es,
942 194 1153 245 Domine,
1180 202 1223 236 et
1237 194 1419 236 humilia

96 252 294 306 respicis,
316 252 482 292 excelsa
509 257 653 292 alutem
672 265 698 291 a
715 253 845 306 longe
863 252 1103 307 cognosc-2⁶8.
1125 251 1220 303 (Ps.
1240 252 1334 302 138,
1354 252 1418 304 6.)

96 307 195 348 Nec
217 308 494 362 propinquas
520 308 611 347 nisi
631 308 811 348 obtritis
843 308 1004 358 corde,
1039 320 1125 348 nec
1148 308 1366 348 inveniris
1393 321 1420 348 a

95 364 324 417 superbis3
357 375 442 402 1100
468 363 507 402 51
531 363 601 403 1111
621 364 804 403 curiosa
819 364 986 416 peritia
1002 371 1242 404 numerent
1259 364 1417 404 stellas

95 424 141 458 et
163 431 369 468 arenam,
398 425 444 458 et
471 419 764 460 dimetiantur
787 419 991 459 sidereas
1009 420 1192 473 plagas,
1221 424 1267 459 et
1281 421 1418 460 vesti·

93 480 203 528 gent
225 475 322 514 vias
351 479 591 515 astrorum.
651 475 806 516 Mente
836 476 953 515 enim
973 489 1054 515 sua
1073 481 1296 529 quaerunt
1312 476 1416 525 ista,

94 535 140 570 et
162 531 349 584 ingenio
362 561 372 581 ‚
402 530 525 583 quod
543 535 594 570 tu
613 530 783 571 dedisti
801 531 888 582 eis3
922 536 968 571 et
985 532 1129 572 multa
1145 532 1418 572 invenerunt

93 590 138 625 et
163 587 599 637 praenuntiaverunt
623 591 726 627 ante
753 587 923 627 multos
949 599 1091 627 annos
1119 586 1326 627 defectus
1352 588 1417 628 lu-

89 642 331 681 minarium
355 643 468 682 solis
496 647 543 681 et
565 642 721 693 lunae,
749 655 837 696 quo
858 642 953 692 die,
982 655 1070 696 qua
1087 641 1221 693 hora,
1251 649 1417 696 quanta

91 709 147 737 ex
164 702 292 750 parte
311 696 454 738 futuri
474 703 648 748 essent,
670 703 715 738 et
732 711 821 738 non
841 710 921 739 eos
938 697 1107 739 fefellit
1122 711 1351 749 numerus,
1371 704 1418 739 et

88 751 154 792 ita
177 752 350 793 factum
375 759 465 803 est,
496 759 548 794 ut
571 754 1030 807 praenuntiaverunt3
1067 759 1113 794 et
1135 755 1418 808 scripserunt

87 809 273 862 regulas
299 809 564 863 indagatas,
599 814 646 849 et
667 810 883 864 leguntur
908 808 1069 860 hodie,
1105 815 1239 864 atque
1268 822 1323 851 ex
1348 812 1414 850 eis

88 865 456 918 praenuntiatur,
485 878 573 919 quo
594 877 735 916 anno,
763 871 809 905 et
828 878 916 918 quo
937 878 1092 906 mense
1111 867 1237 916 anni,
1259 871 1304 906 et
1323 879 1411 919 quo

89 921 162 960 die
188 922 381 972 mensis,
408 926 454 961 et
477 934 566 974 qua
588 920 703 962 hora
727 921 838 972 diei,
864 927 910 961 et
928 926 1068 975 quota
1084 926 1212 975 parte
1231 922 1413 962 luminis

88 976 159 1015 5111
179 976 418 1017 defectura
435 978 496 1017 sit
512 977 621 1017 luna
637 978 712 1018 vel
730 978 825 1027 sol,
853 983 898 1017 et
915 978 981 1017 ita
999 978 1099 1027 fiet,
1125 982 1176 1017 ut
1193 990 1414 1031 praenun-

86 1032 242 1073 tiatur.
288 1033 347 1072 Et
362 1033 589 1073 mirantur
606 1031 720 1072 haec
739 1031 946 1073 homines
964 1038 1010 1073 et
1026 1038 1223 1086 stupent,
1244 1034 1318 1086 qui
1337 1046 1412 1073 ne-

87 1088 239 1128 sciunt
249 1100 316 1138 ea,
329 1093 375 1128 et
385 1089 616 1128 exsultant
635 1092 769 1142 atque
790 1088 1075 1128 extolluntur
1094 1090 1170 1141 qui
1188 1090 1351 1139 sciunt,
1368 1094 1413 1129 et

84 1155 167 1196 per
201 1144 386 1197 impiam
420 1143 679 1197 superbiam
709 1144 978 1184 recedentes
1011 1149 1056 1184 et
1087 1145 1354 1185 deficientes
1387 1157 1413 1184 a

85 1199 255 1240 lumine
278 1205 380 1249 tuo,
406 1205 533 1240 tanto
560 1205 664 1239 ante
684 1199 796 1239 solis
818 1199 1047 1240 defectum
1064 1199 1263 1240 futurum
1284 1213 1410 1252 prae-

88 1255 257 1305 vident,
281 1261 326 1295 et
343 1256 388 1295 in
407 1256 668 1307 praesentia
685 1269 815 1295 suum
833 1268 924 1295 non
940 1256 1110 1296 vident.
1170 1255 1272 1296 Non
1293 1257 1411 1296 enini

85 1310 308 1363 religiose
328 1316 572 1364 quaerunt,
593 1311 712 1351 unde
732 1309 930 1351 habeant
945 1312 1193 1364 ingenium,
1216 1324 1304 1364 quo
1322 1313 1413 1351 ista,

85 1371 324 1419 quaerunt,
356 1367 415 1406 Et
431 1367 716 1407 invenientes
736 1368 843 1420 quia
860 1372 908 1407 tu
926 1366 1081 1407 fecisti
1099 1379 1195 1416 eos,
1215 1380 1305 1407 non
1324 1368 1412 1419 ipsi

84 1422 194 1461 dant
214 1423 301 1462 tibi
323 1435 395 1472 se,
422 1428 473 1462 ut
490 1434 645 1463 serves
666 1423 789 1475 quod
805 1422 983 1472 fecisti,
1012 1428 1058 1462 et
1078 1423 1234 1476 quales
1256 1436 1303 1463 se
1322 1424 1411 1475 ipsi

81 1476 311 1527 fecerant,
339 1478 555 1518 occidunt
579 1490 628 1518 se
653 1479 759 1528 tibi,
786 1484 832 1518 et
853 1479 1086 1519 trucidant
1104 1479 1409 1519 exaltationes

83 1546 188 1573 suas
217 1535 336 1574 sicut
357 1534 586 1583 volatilia,
614 1539 660 1574 et
684 1534 978 1575 curiositates
999 1548 1102 1574 suas
1124 1535 1242 1574 sicut
1259 1535 1408 1587 pisces

79 1590 241 1638 maris,
267 1590 429 1642 quibus
456 1590 773 1642 perambulant
796 1595 999 1630 secretas
1025 1590 1209 1629 semitas
1237 1590 1406 1642 abyssi,

83 1650 127 1684 et
143 1644 346 1685 luxurias
371 1657 476 1685 suas
496 1647 614 1685 510111
631 1657 800 1697 pecora
819 1646 979 1698 campi,
992 1650 1042 1684 ut
1059 1644 1274 1694 tu,Deus‚
1287 1645 1405 1698 ignis

84 1699 224 1750 edax,
251 1713 491 1740 consumas
518 1706 723 1740 mortuas
752 1713 882 1740 curas
911 1712 1067 1739 eorum
1091 1712 1304 1740 recreans
1325 1713 1404 1741 eos

80 1755 416 1796 immortaliter.
451 1755 541 1796 Sed
557 1767 646 1795 non
663 1760 887 1795 noverunt
903 1757 1034 1805 viam,
1047 1755 1245 1795 Verbum
1264 1761 1402 1807 tuum,

78 1823 161 1863 per
185 1811 308 1864 quod
331 1811 487 1851 fecisti
513 1823 567 1851 ea
592 1822 706 1864 quae
731 1816 988 1860 numerant,
1015 1816 1060 1851 et
1085 1812 1211 1863 ipsos
1231 1813 1305 1864 qui
1327 1827 1402 1852 nu-

80 1871 280 1916 merant,
309 1872 355 1906 et
371 1879 578 1915 sensum,
605 1878 693 1919 quo
722 1872 913 1906 cernunt
930 1879 1044 1920 quae
1071 1872 1330 1916 numerant,
1359 1874 1405 1908 et

78 1927 299 1972 mentem,
333 1923 388 1962 de
423 1934 512 1975 qua
539 1927 797 1973 numerant3
832 1927 878 1962 et
901 1923 1154 1975 sapientiae
1179 1928 1285 1962 tuae
1311 1936 1401 1963 non

79 1983 150 2017 est
167 1990 395 2018 numerus.
455 1977 557 2031 Ipse
577 1982 727 2017 autem
741 1977 1180 2034 Unigenitusfactus
1198 1985 1259 2018 est
1278 1978 1400 2019 nobis

76 2032 313 2086 sapientia,
334 2040 377 2073 et
391 2032 584 2082 iustitia,
606 2040 647 2072 et
662 2032 958 2087 sanctificatio
980 2035 1021 2082 (1
1043 2034 1144 2074 Cor.
1170 2035 1207 2082 l,
1230 2033 1333 2085 30),
1355 2041 1400 2074 et

77 2094 338 2129 numeratus
368 2094 438 2129 est
459 2089 582 2129 inter
606 2101 711 2139 nos,
740 2094 784 2128 et
802 2090 942 2129 solvit
955 2089 1175 2129 tributum
1195 2089 1395 2130 Caesari.

75 2144 176 2185 Non
200 2149 425 2185 noverunt
443 2143 558 2184 hanc
575 2144 717 2194 viam,
745 2157 833 2198 qua
851 2145 1130 2185 descendant
1149 2145 1205 2184 ad
1224 2146 1352 2185 illum
1371 2158 1397 2184 a

74 2213 143 2251 se,
178 2206 225 2241 et
246 2213 328 2254 per
351 2212 453 2241 eum
480 2200 762 2241 adscendant
787 2200 843 2241 ad
870 2213 986 2241 eum.
1046 2200 1148 2240 Non
1172 2206 1397 2241 noverunt
