1514 2438
303 159 833 204 CONFESSIONUM
868 158 1073 200 LIBER
1101 155 1181 198 lX.
1318 155 1396 196 151

78 253 124 290 et
154 249 343 289 multum
377 252 540 302 potens
564 245 816 287 reformare
840 249 998 285 nostra
1023 241 1265 292 deformia3
1300 253 1400 280 nam

77 318 164 359 ego
200 307 245 344 in
277 305 358 345 illo
393 316 534 357 puero
568 308 751 356 praeter
785 301 1001 341 delictum
1027 298 1140 339 nihil
1163 296 1399 337 habebam.

75 361 210 410 Quod
235 361 353 401 enim
378 359 691 400 enutriebatur
716 357 889 397 anobis
908 359 954 396 in
973 355 1213 408 disciplina
1229 359 1328 403 tua,
1353 359 1402 392 tu

73 418 380 470 inspiraveras
426 416 579 466 nobis3
612 414 764 454 nullus
812 414 948 453 alius:
981 423 1168 452 munera
1204 415 1284 449 tua
1316 408 1403 448 tibi

75 473 313 513 confiteor.
353 472 436 512 Est
452 472 569 512 liber
587 476 759 519 noster,
781 471 857 523 qui
874 468 1139 509 inscribitur
1157 466 1217 506 de
1239 465 1401 519 Magi-

75 534 208 569 stro:
240 530 338 584 ipse
361 529 426 568 ibi
451 540 626 568 mecum
651 527 868 580 loquitur.
893 523 983 578 [Cf.
1008 525 1196 577 August.
1215 527 1400 561 retract.

76 587 113 635 l,
135 583 222 638 11.]
285 586 356 625 Tu
374 586 486 634 scis,
510 584 635 624 illius
664 594 766 623 esse
792 594 927 622 sensa
951 581 1123 630 omnia,
1151 590 1265 633 quae
1283 579 1401 618 inse-

72 646 235 681 runtur
256 641 322 682 ibi
347 653 403 681 ex
425 652 623 695 persona
642 639 942 679 collocutoris
961 637 1070 685 mei,
1097 648 1196 675 cum
1216 640 1339 675 esset
1355 634 1402 674 in

75 697 203 737 annis
224 697 440 737 sedecim.
489 697 637 737 Multa
658 697 754 736 eius
776 695 866 734 alia
884 693 1167 733 mirabiliora
1186 695 1401 744 expertus

73 767 186 794 sum.
220 753 419 794 Horrori
437 752 546 793 mihi
567 757 664 792 erat
680 751 794 792 illud
811 750 1063 804 ingenium:
1091 753 1136 788 et
1154 747 1253 801 quis
1272 757 1401 801 prae·

71 816 143 850 ter
162 815 208 850 te
226 809 387 850 talium
405 809 730 850 miraculorum
750 805 929 861 opifex?
963 806 1064 846 Cito
1085 804 1139 844 de
1159 810 1283 843 terra
1301 803 1402 843 abs-

70 866 222 906 tulisti
244 867 382 906 vitam
407 867 525 915 eius,
555 869 599 904 et
623 865 831 904 securior
851 875 950 902 eum
969 860 1210 909 recordor,
1234 872 1325 899 non
1348 860 1404 899 ti-

72 934 200 962 mens
241 922 488 976 quidquam
526 922 772 974 pueritiae,
804 931 889 959 nec
921 916 1284 966 adolescentiae,
1317 926 1402 954 nec

75 978 258 1018 omnino
278 976 451 1018 homini
468 977 550 1018 illi.
610 976 894 1017 Sociavimus
914 987 1015 1015 cum
1034 985 1252 1014 coaevum
1270 971 1402 1011 nobis

72 1037 120 1075 in
143 1035 292 1088 gratia
308 1038 408 1083 tua,
435 1033 718 1074 educandum
736 1033 782 1072 in
803 1031 1045 1084 disciplina
1060 1034 1159 1080 tua;
1194 1033 1239 1068 et
1258 1027 1404 1081 bapti-

74 1092 169 1131 zati
193 1103 347 1130 sumus
380 1095 426 1130 et
443 1089 565 1143 fugit
582 1102 608 1129 a
624 1088 757 1129 nobis
778 1086 1043 1128 sollicitudo
1063 1086 1184 1125 vitae
1201 1091 1404 1139 praeter-

71 1149 180 1187 itae.
241 1145 337 1188 Nec
377 1146 579 1187 satiabar
602 1145 694 1186 illis
725 1144 885 1185 diebus
917 1142 1157 1184 dulcedine
1184 1139 1399 1189 mirabili,

76 1202 369 1243 considerare
404 1202 691 1243 altitudinem
727 1201 910 1242 consilii
940 1199 1006 1240 tui
1042 1210 1179 1251 super
1210 1196 1405 1237 salutem

74 1259 257 1314 generis
282 1258 479 1299 humani.
514 1258 742 1307 Quantum
762 1256 869 1297 flevi
885 1258 930 1297 in
949 1255 1128 1309 hymnis
1149 1258 1195 1293 et
1213 1252 1402 1293 canticis

73 1317 181 1360 tuis.
198 1328 336 1356 suave
353 1315 558 1355 sonantis
574 1314 799 1354 ecclesiae
815 1318 921 1352 tuae
940 1312 1129 1352 vocibus
1150 1313 1402 1349 commotus

75 1372 261 1412 acriter!
294 1370 446 1412 Voces
469 1371 577 1410 illae
600 1369 852 1409 influebant
880 1369 1065 1408 auribus
1090 1366 1223 1415 meis,
1256 1370 1301 1405 et
1326 1363 1404 1402 eli-

75 1427 299 1482 quabatur
317 1428 485 1466 veritas
503 1432 584 1466 tua
603 1426 646 1464 in
669 1437 749 1464 cor
765 1437 913 1464 meum
926 1454 936 1473 ‚
959 1428 1004 1462 et
1023 1420 1322 1463 exaestuabat
1340 1420 1405 1459 in·

77 1484 132 1523 de
160 1481 367 1523 adfectus
390 1484 598 1536 pietatis3
632 1486 677 1521 et
702 1480 945 1520 currebant
962 1479 1200 1528 lacrimae,
1226 1483 1271 1516 et
1287 1476 1404 1515 bene

75 1538 188 1580 mihi
208 1544 307 1580 erat
327 1551 427 1579 cum
447 1540 528 1578 eis.

162 1595 209 1636 C.
234 1595 330 1636 Vll.
390 1593 493 1635 Non
525 1594 662 1647 longe
699 1597 916 1646 coeperat
947 1590 1310 1631 Mediolanensis
1336 1600 1406 1628 ec-

78 1651 221 1691 clesia
245 1663 388 1705 genus
409 1649 497 1691 hoc
517 1649 849 1690 consolationis
870 1654 915 1687 et
935 1645 1269 1687 exhortationis
1289 1644 1406 1684 cele-

77 1705 225 1757 brare,
238 1719 402 1761 magno
419 1706 570 1746 studio
590 1704 781 1745 fratrum
802 1704 1138 1744 concinentium
1156 1700 1345 1742 vocibus
1362 1704 1408 1740 et

80 1764 309 1804 cordibus.
369 1761 592 1804 Nimirum
616 1774 759 1801 annus
786 1765 904 1810 erat,
935 1765 1012 1799 aut
1035 1771 1125 1799 non
1151 1757 1294 1798 multo
1315 1769 1405 1796 am-

74 1819 216 1873 plius,
252 1833 352 1860 cum
383 1818 578 1867 lustina,
602 1816 916 1858 Valentiniani
940 1816 1065 1869 regis
1090 1814 1220 1869 pueri
1243 1817 1404 1861 mater,

78 1875 308 1915 hominem
337 1880 466 1915 tuum
488 1874 777 1914 Ambrosium
809 1879 1164 1926 persequeretur
1196 1868 1403 1909 haeresis

77 1943 187 1972 suae
209 1943 348 1972 causa
361 1961 371 1980 ,
388 1943 476 1984 qua
492 1928 644 1970 fuerat
662 1930 854 1970 seducta
872 1928 926 1968 ab
944 1929 1137 1969 Arianis.
1197 1924 1404 1966 Excuba-

76 1987 156 2027 bat
177 1988 254 2041 pia
276 1986 405 2041 plebs
431 1986 478 2026 in
503 1986 725 2036 ecclesia,
749 1985 865 2025 mori
884 1989 1045 2039 parata
1062 1996 1163 2024 cum
1182 1982 1400 2036 episcopo

74 2056 173 2093 suo,
193 2055 325 2083 servo
344 2047 439 2082 tu0.
499 2041 567 2082 Ibi
583 2046 729 2082 mater
745 2054 861 2091 mea,
882 2041 1050 2081 ancilla
1065 2045 1158 2089 tua,
1178 2037 1400 2078 sollicitu-

75 2099 192 2140 dinis
218 2103 264 2139 et
289 2098 544 2152 vigiliarum
569 2098 735 2151 primas
760 2102 941 2147 tenens,
972 2094 1258 2137 orationibus
1279 2093 1401 2133 vive-

73 2155 164 2195 bat.
223 2155 320 2196 Nos
344 2152 491 2194 adhuc
515 2152 673 2207 frigidi
693 2166 719 2194 a
737 2153 890 2193 calore
911 2153 1097 2206 spiritus
1115 2151 1204 2200 tui,
1231 2149 1400 2189 excita-

74 2211 234 2250 bamur
254 2215 407 2251 tamen
430 2210 615 2250 civitate
635 2209 841 2249 adtonita
858 2214 993 2262 atque
1013 2208 1209 2247 turbata.
1270 2206 1398 2245 Tunc

75 2263 230 2320 hymni
246 2272 291 2308 et
304 2266 467 2322 psalmi
483 2270 532 2307 ut
547 2269 832 2315 canerentur,
850 2263 1098 2306 secundum
1110 2272 1284 2303 morem
1300 2259 1396 2300 Ori-
