1473 2443
125 120 204 160 188
441 123 715 164 AURELII
744 126 1118 170 AUGUSTI-Nl

120 209 247 259 parte
269 209 358 245 stet
373 206 579 257 victoria,
600 209 771 251 nescio.
823 211 916 251 Hei
930 212 1054 264 mihi,
1072 213 1283 265 Domine,
1302 217 1434 257 mise-

119 272 222 300 rere
240 259 371 310 mihi,
399 260 474 301 hei
491 262 621 305 mihi!
679 265 798 306 Ecce
816 268 1004 308 vulnera
1019 282 1120 309 mea
1136 283 1227 310 non
1246 271 1432 312 abscon-

122 316 195 356 do.
251 317 462 357 Medicus
496 331 566 369 es,
600 332 738 374 aeger
761 335 877 373 sum3
909 325 1170 365 misericors
1195 338 1264 377 es,
1297 329 1437 368 miser

122 384 234 411 sum.
293 371 520 426 Numquid
545 388 635 415 non
657 378 849 417 tentatio
877 384 947 419 est
968 381 1064 420 vita
1089 380 1284 422 humana
1301 395 1436 436 super

118 428 313 467 terram?
346 428 456 477 Quis
482 430 594 471 velit
614 433 850 473 molestias
877 440 921 474 et
950 435 1270 478 difficultatesit
1300 440 1436 479 Tole-

118 483 211 521 rari
228 483 356 523 iubes
378 497 572 535 eas,non
590 489 743 529 amari.
776 488 935 540 Nemo,
957 493 1077 544 quod
1096 493 1279 544 tolerat,
1301 500 1435 544 amat,

120 539 207 577 etsi
231 539 432 580 tolerare
459 547 591 583 amat.
652 543 864 592 Quamvis
892 547 1010 586 enim
1034 548 1232 601 gaudeat
1255 562 1303 589 se
1322 550 1436 590 tole-

118 606 243 643 rare,
261 596 431 636 mavult
447 601 598 638 tamen
615 612 704 638 non
724 612 839 650 esse,
860 602 979 654 quod
997 604 1179 644 toleret.
1241 604 1435 658 Prospe-

121 662 173 688 ra
195 650 240 688 in
271 651 473 693 adversis
492 653 703 694 desidero
718 685 728 703 ‚
759 656 950 696 adversa
965 659 1010 697 in
1028 660 1260 712 prosperis
1277 661 1432 701 timeo.

124 705 234 753 Quis
254 706 372 745 inter
390 706 503 748 haec
520 709 694 750 medius
713 710 862 761 locus,
886 713 964 752 ubi
980 726 1070 753 non
1089 715 1148 754 sit
1164 714 1357 756 humana
1373 718 1435 756 vi-

120 767 167 799 ta
196 762 417 803 tentatio?
448 763 542 804 Vae
575 767 954 818 prosperitatibus
988 770 1180 820 saeculi,
1214 772 1358 811 semel
1391 777 1437 812 et

119 816 306 866 iterum,
335 830 360 857 a
376 820 540 859 timore
560 820 869 872 adversitatis,
890 830 934 863 et
953 837 979 863 a
996 827 1286 879 corruptione
1306 827 1434 867 laeti-

118 871 229 911 tiae!
288 872 382 912 Vae
403 875 752 917 adversitatibus
773 880 967 929 saeculi,
987 881 1128 920 semel
1147 891 1192 922 et
1207 883 1371 922 iterum
1390 888 1435 923 et

116 927 272 977 tertio,
292 940 318 967 a
336 928 563 971 desiderio
584 935 914 986 prosperitatis,
935 941 979 975 et
998 937 1102 989 quia
1119 938 1218 990 ipsa
1235 939 1433 979 adversi-

116 987 186 1022 tas
212 982 323 1022 dura
346 990 433 1034 est,
460 992 504 1026 et
522 987 761 1041 naufragat
777 989 1040 1032 tolerantia!
1100 992 1327 1046 Numquid
1344 1007 1430 1034 non

113 1039 305 1078 tentatio
344 1046 412 1080 est
430 1044 520 1081 vita
552 1041 745 1083 humana
777 1058 913 1097 super
937 1052 1105 1087 terram
1129 1049 1225 1088 sine
1249 1050 1342 1089 ullo
1366 1050 1429 1089 in-

118 1094 348 1133 terstitioZ

199 1149 246 1189 C.
272 1149 436 1190 XXlX.
496 1152 553 1191 Et
582 1159 681 1193 tota
711 1167 814 1207 spes
840 1168 941 1196 mea
966 1169 1055 1196 non
1084 1158 1175 1199 nisi
1197 1160 1243 1199 in
1266 1173 1430 1213 magna

113 1204 244 1243 valde
268 1207 582 1247 misericordia
606 1214 696 1250 tua.
756 1210 835 1250 Da
859 1212 1000 1264 quod
1023 1212 1194 1264 iubes,
1232 1221 1282 1255 et
1304 1216 1427 1256 iube

115 1260 254 1311 quod
292 1262 384 1301 vis.
444 1262 641 1316 Imperas
677 1266 807 1306 nobis
842 1268 1180 1310 continentiam.
1240 1269 1308 1310 Et
1332 1284 1427 1310 cum

113 1314 286 1364 scirem,
323 1317 386 1356 ait
411 1318 611 1370 quidam,
644 1321 745 1373 quia
768 1335 890 1362 nemo
907 1330 1056 1375 potest
1077 1337 1163 1364 esse
1186 1325 1425 1376 continens,

115 1370 199 1409 nisi
215 1369 333 1411 Deus
353 1373 449 1421 dec·;
481 1381 523 1413 et
538 1373 620 1414 hoc
636 1375 774 1428 ipsum
788 1385 886 1417 erat
901 1378 1154 1431 sapientiae,
1175 1381 1286 1422 scire
1304 1381 1425 1422 cuias

115 1433 224 1465 esset
269 1427 351 1467 Ιιοο
397 1428 566 1470 donum.
608 1431 731 1485 (Sap.
757 1433 795 1483 8,
815 1435 903 1484 21.)
963 1433 1054 1474 Per
1100 1438 1423 1478 continentiam

113 1482 277 1535 quippe
311 1483 588 1538 colligimur,
625 1492 671 1527 et
691 1488 942 1542 redigimur
965 1490 1011 1529 in
1029 1504 1187 1542 unum,
1215 1506 1240 1532 a
1265 1506 1351 1546 quo
1378 1494 1424 1533 in

110 1538 251 1577 multa
275 1538 556 1581 defluximus.
614 1543 764 1584 Minus
791 1545 909 1584 enim
933 1550 977 1585 te
1002 1552 1142 1597 amat,
1177 1549 1253 1600 qui
1274 1554 1422 1588 tecum

112 1593 284 1646 aliquid
315 1600 454 1645 amat,
490 1597 611 1648 quod
634 1611 724 1638 non
748 1606 935 1652 propter
958 1605 1003 1640 te
1028 1607 1160 1642 amat.
1222 1603 1258 1642 O
1279 1616 1419 1654 amor,

111 1649 185 1700 qui
205 1661 383 1701 semper
400 1651 531 1691 ardes
544 1682 554 1701 ,
575 1657 620 1692 et
637 1667 876 1708 numquam
897 1657 1217 1709 exstingueris,
1237 1660 1418 1708 caritas,

109 1702 235 1743 Deus
254 1717 402 1755 meus,
428 1708 625 1747 accende
648 1721 732 1749 me.
794 1711 1129 1751 Continentiam
1145 1712 1289 1754 iubes.
1349 1714 1419 1753 Da

112 1759 231 1810 quod
248 1760 393 1809 iubes,
413 1766 458 1800 et
473 1762 577 1802 iube
597 1764 716 1816 quod
734 1765 816 1804 vis.

189 1814 235 1854 C.
258 1815 400 1855 XXX.
419 1816 550 1856 Iubes
569 1823 706 1869 certe,
720 1824 770 1859 ut
784 1821 1039 1861 contineam
1053 1835 1079 1861 a
1097 1825 1416 1876 concupiscen-

105 1869 170 1908 tia
188 1871 354 1918 carnis,
383 1876 427 1911 et
445 1874 814 1926 concupiscentia
832 1876 1087 1928 oculorum,
1107 1883 1153 1918 et
1170 1880 1415 1920 ambitione

106 1926 291 1965 saeculi.
324 1926 498 1966 Iussisti
519 1940 545 1967 a
559 1929 818 1981 concubitu3
839 1936 884 1971 et
901 1932 955 1971 de
974 1933 1072 1985 ipso
1094 1935 1307 1988 coniugio
1325 1948 1414 1975 me-

105 1980 193 2019 lius
209 1980 392 2034 aliquid,
413 1995 542 2034 quam
563 1986 850 2035 concessisti,
870 1989 1099 2029 monuisti.
1134 1990 1191 2030 Et
1205 1991 1415 2043 quoniam

106 2035 292 2086 dedisti,
313 2035 480 2076 factum
502 2045 590 2087 est,
618 2044 664 2079 et
679 2045 781 2080 ante
802 2054 933 2094 quam
954 2044 1240 2096 dispensator
1258 2045 1413 2086 Sacra-

103 2092 241 2131 menti
258 2093 324 2131 tui
342 2092 510 2133 fierem.
549 2093 638 2134 Sed
665 2094 809 2136 adhuc
832 2099 988 2138 vivunt
1010 2100 1056 2139 in
1077 2102 1296 2140 memoria
1313 2114 1414 2141 mea

104 2147 179 2195 (de
205 2160 291 2200 qua
316 2148 457 2188 multa
479 2149 657 2190 locutus
677 2155 792 2201 sum)
820 2154 978 2193 talium
1002 2167 1151 2195 rerum
1174 2157 1410 2209 imagines,

105 2215 212 2257 quas
227 2203 290 2243 ibi
308 2205 589 2245 consuetudo
607 2218 708 2246 mea
725 2207 842 2259 fixit;
863 2214 909 2249 et
927 2217 1166 2250 occursant
1176 2210 1285 2251 mihi
1301 2212 1410 2265 vigi-
