1473 2443
122 122 199 162 172
465 122 736 163 AURELII
764 122 1128 165 AUGUSTINI

120 218 206 260 que
232 217 387 246 omnes
411 205 591 247 colores
609 206 873 261 formaeque
892 220 1134 262 corporum
1149 219 1230 262 per
1249 207 1428 258 oeu10s;

116 273 198 316 per
229 273 361 302 aures
391 267 541 302 autem
567 264 717 303 onmia
733 276 902 317 genera
918 276 1153 315 sonorum3
1183 275 1428 316 omnesque

118 317 284 357 odores
316 329 399 371 per
429 317 601 358 aditum
631 320 825 371 narium3
858 332 1103 373 omnesque
1137 331 1325 374 sapores
1347 331 1430 372 per

118 374 210 412 oris
229 372 419 424 aditum3
453 386 479 413 a
500 385 637 414 sensu
654 380 805 415 autem
821 375 962 415 totius
982 377 1203 428 corporis,
1227 376 1335 429 quid
1353 375 1430 414 du·

116 441 236 478 rum,
257 428 365 482 quid
381 429 541 479 molle,
576 429 683 483 quid
701 430 897 471 calidum
917 429 1213 484 frigidumve,
1231 431 1334 471 lene
1353 435 1432 470 aut

117 495 348 537 asperum,
381 496 519 538 grave
552 497 634 525 seu
664 485 784 536 leve,
819 487 914 526 sive
940 488 1223 528 extrinsecus
1248 487 1343 527 sive
1366 487 1431 526 in-

115 540 344 580 trinsecus
377 540 573 595 corpori.
630 541 759 582 Haec
792 544 942 583 omnia
972 543 1138 595 recipit
1168 541 1432 591 recolenda,

118 608 220 636 cum
252 608 365 648 opus
390 600 478 647 est,
513 600 558 636 et
578 597 868 638 retractanda
889 599 1074 651 grandis
1096 599 1341 639 memoriae
1362 607 1433 637 re·

120 663 299 701 cessus,
326 655 371 691 et
394 653 549 693 nescio
575 654 651 706 qui
674 653 844 693 secreti
866 659 1000 706 atque
1022 652 1282 694 ineffabiles
1307 655 1432 694 sinus

120 708 241 758 eius,
276 718 389 760 quae
424 707 576 747 omnia
607 708 701 748 suis
736 721 941 762 quaeque
974 708 1153 749 foribus
1177 710 1350 750 intrant
1375 708 1434 748 ad

119 775 238 812 eam,
272 766 317 802 et
338 768 618 816 reponuntur
638 765 686 804 in
710 776 776 805 ea.
836 764 933 805 Nec
953 766 1054 817 ipsa
1074 770 1226 805 tamen
1248 766 1433 814 intrant,

119 818 201 858 sed
217 830 368 858 rerum
385 830 619 859 sensarum
634 821 856 874 imagines
872 820 969 860 illic
986 824 1169 873 praesto
1189 825 1293 860 sunt
1311 821 1434 873 cogi-

118 875 286 914 tationi
304 874 617 916 reminiscenti
636 887 727 915 eas.
789 876 914 924 Quae
935 877 1163 929 quomodo
1182 876 1434 916 fabricatae

120 931 225 979 sint,
241 929 341 982 quis
361 929 486 980 dicit,
503 943 602 970 cum
620 931 850 984 adpareat,
872 932 1032 984 quibus
1053 932 1261 972 sensibus
1278 936 1435 984 raptae

120 986 233 1034 sint,
258 986 540 1039 interiusque
564 986 855 1026 reconditan
886 986 1000 1027 Nam
1028 992 1072 1027 et
1088 987 1134 1027 in
1150 987 1353 1027 tenebris
1373 991 1436 1025 at-

120 1052 206 1093 que
224 1041 272 1081 in
289 1040 474 1080 silentio
495 1040 599 1081 dum
616 1039 792 1091 habito,
817 1043 863 1081 in
880 1044 1101 1082 memoria
1116 1055 1217 1082 mea
1233 1041 1436 1096 profero,

120 1097 159 1136 si
181 1095 310 1146 volo,
336 1096 537 1145 colores,
562 1101 609 1136 et
634 1097 843 1137 discerno
869 1097 990 1137 inter
1012 1097 1163 1137 album
1182 1104 1227 1138 et
1242 1099 1436 1151 nigrum,

120 1155 167 1191 et
196 1152 316 1192 inter
347 1164 461 1205 quos
495 1151 611 1192 alios
642 1152 770 1203 volo;
802 1164 885 1192 nec
916 1153 1153 1193 incurrunt
1175 1155 1278 1193 soni
1300 1158 1436 1206 atque

118 1207 400 1260 perturbant,
420 1208 541 1261 quod
556 1220 638 1262 per
655 1208 814 1248 oculos
832 1206 1043 1249 haustum
1060 1209 1317 1258 considero,
1337 1221 1438 1249 cum

121 1267 167 1302 et
196 1263 286 1315 ipsi
316 1262 381 1303 ibi
413 1265 522 1313 sint,
556 1268 602 1303 et
633 1264 763 1317 quasi
795 1276 1002 1304 seorsum
1029 1265 1223 1317 repositi
1247 1264 1436 1304 lateant.

106 1317 234 1358 *Nam
266 1323 312 1358 et
333 1318 458 1371 ipsos
482 1331 647 1371 posco,
682 1320 723 1359 si
744 1319 914 1372 placet,
948 1324 1082 1373 atque
1107 1320 1270 1360 adsunt
1291 1319 1434 1360 illico.

118 1374 177 1413 Et
200 1374 463 1428 quiescente
487 1375 645 1428 lingua
666 1387 720 1415 ac
742 1374 907 1415 silente
932 1380 1115 1428 gutture
1140 1380 1273 1415 canto
1299 1387 1435 1428 quan-

117 1434 213 1470 tum
243 1430 373 1481 volo,
405 1432 720 1484 imaginesque
748 1430 855 1471 illae
888 1431 1113 1480 colorum,
1153 1443 1266 1485 quae
1289 1429 1433 1470 nihilo

118 1487 266 1527 minus
289 1485 355 1526 ibi
372 1491 495 1536 sunt,
520 1499 611 1526 non
628 1499 676 1526 se
695 1488 1008 1539 interponunt,
1032 1499 1178 1539 neque
1196 1488 1433 1527 interrum-

117 1546 247 1594 punt,
268 1554 367 1582 eum
384 1540 623 1582 thesaurus
642 1542 757 1582 alius
774 1546 1067 1592 retractatur,
1088 1543 1164 1595 qui
1180 1541 1360 1581 influxit
1377 1542 1432 1581 ab

119 1598 319 1638 auribus.
378 1598 447 1637 Ita
476 1602 678 1648 caetera,
712 1609 826 1650 quae
849 1609 930 1650 per
952 1609 1111 1637 sensus
1136 1601 1344 1637 caeteros
1367 1597 1432 1635 in·

118 1657 250 1706 gesta
266 1658 400 1706 atque
421 1658 640 1707 congesta
658 1657 782 1703 sunt,
806 1652 1047 1701 recordor,
1071 1657 1206 1704 prout
1222 1651 1353 1691 libet:
1387 1656 1433 1692 et

118 1720 272 1748 auram
302 1709 502 1748 liliorum
536 1710 746 1750 discerno
771 1720 798 1747 a
818 1708 952 1748 violis
975 1706 1088 1747 nihil
1112 1706 1353 1757 olfaciens3
1387 1711 1432 1746 et

117 1763 207 1802 mel
224 1762 420 1813 defruto,
447 1763 548 1803 lene
568 1775 751 1816 aspero,
783 1761 899 1802 nihil
914 1767 1020 1802 tunc
1038 1762 1263 1815 gustando
1282 1774 1429 1815 neque

119 1819 466 1867 contrectando,
515 1819 596 1858 sed
630 1817 963 1859 reminiscendo
1002 1822 1245 1870 antepono.
1304 1817 1429 1857 Intus

118 1871 231 1913 haec
255 1886 342 1926 ago
366 1874 413 1913 in
431 1873 535 1913 aula
554 1874 731 1926 ingenti
752 1873 997 1913 memoriae
1024 1885 1166 1913 meae.
1225 1873 1293 1914 lbi
1312 1873 1430 1912 enim

118 1927 228 1969 mihi
240 1929 417 1968 coelum
431 1933 475 1968 et
490 1932 615 1968 terra
632 1933 677 1968 et
693 1940 815 1968 mare
834 1933 1016 1981 praesto
1037 1933 1155 1979 sunt,
1171 1940 1271 1968 cum
1290 1929 1428 1968 omni-

117 1984 222 2034 bus,
242 1996 355 2037 quae
373 1984 419 2023 in
439 1984 504 2023 eis
523 1985 692 2025 sentire
710 1985 854 2037 potui,
873 1989 1053 2036 praeter
1067 1983 1163 2034 illa,
1183 1994 1295 2036 quae
1317 1982 1428 2022 obli-

116 2044 190 2079 tus
223 2052 335 2080 sum.
394 2039 463 2079 Ibi
494 2043 540 2078 et
568 2039 667 2092 ipse
690 2038 801 2079 mihi
827 2051 1037 2089 occurro,
1069 2050 1230 2092 meque
1252 2037 1426 2088 recolo,

118 2094 239 2148 quid,
260 2095 455 2148 quando,
475 2099 521 2134 et
536 2095 614 2134 ubi
633 2095 818 2148 egerim,
839 2107 1017 2149 quoque
1035 2093 1187 2143 modo,
1207 2106 1306 2133 cum
1324 2105 1428 2146 age-

118 2162 232 2200 rem,
266 2149 473 2191 adfectus
504 2149 683 2190 fuerim.
741 2150 811 2190 Ibi
843 2156 947 2190 sunt
979 2150 1149 2199 omnia,
1182 2160 1297 2201 quae
1331 2150 1426 2188 sive

116 2211 305 2259 experta
326 2219 353 2247 a
367 2218 458 2257 me,
478 2206 572 2247 sive
591 2206 765 2248 credita
780 2207 978 2247 memini.
1032 2205 1102 2247 Ex
1120 2205 1276 2246 eadem
1296 2205 1428 2257 copia
