1473 2443
72 109 123 146 Ἡ)
384 106 663 147 AURELII
691 106 1080 149 AUGUSTINI

75 192 169 231 dita
191 191 496 241 desideraret,
516 191 611 231 sive
631 204 744 244 quae
763 192 861 244 ipse
879 192 961 231 tali
979 193 1165 245 ingenio
1182 198 1287 246 apta
1304 195 1394 233 exi-

74 248 322 286 stimarem.
385 247 625 287 Caeterum
644 254 832 287 conatus
855 248 998 288 omnis
1016 260 1143 288 meus
1157 279 1168 299 ,
1192 261 1280 302 quo
1292 261 1394 302 pro-

79 303 213 342 ficere
248 302 294 340 in
325 302 407 342 illa
435 308 562 342 secta
587 307 854 353 statueram,
882 303 964 343 illo
1002 301 1185 344 homine
1211 305 1396 358 cognito

77 371 262 411 prorsus
275 358 523 408 intercidit,
536 371 626 398 non
637 363 687 398 ut
703 359 756 398 ab
777 360 842 399 eis
856 360 1037 399 omnino
1051 372 1304 413 separarer,
1316 360 1396 400 sed

78 414 210 466 quasi
233 414 397 453 melius
433 414 676 467 quidquam
699 426 790 454 non
814 415 1050 455 inveniens
1079 428 1157 465 eo,
1185 428 1273 469 quo
1308 417 1397 455 iam

79 482 261 521 quoquo
279 471 416 510 modo
428 470 663 519 irrueram,
676 475 914 510 contentus
932 471 1115 510 interim
1128 484 1229 511 esse
1243 471 1398 511 decre-

82 537 247 574 veram,
261 525 531 578 nisialiquid
548 525 669 565 forte
690 526 811 578 quod
829 526 976 579 magis
997 526 1259 580 eligendum
1279 535 1400 567 esset

81 581 298 621 eluceret.
337 581 404 620 Ita
420 581 499 621 ille
519 582 730 631 Faustus,
750 582 827 634 qui
850 581 1004 621 multis
1030 581 1220 635 laqueus
1237 583 1399 622 mortis

78 637 269 685 exstitit,
289 649 437 676 meum
459 650 545 690 quo
569 643 725 690 captus
746 648 871 677 eram
891 637 1100 677 relaxare
1126 638 1216 677 iam
1237 649 1379 690 coepe

78 698 169 741 rat,
196 704 279 731 nec
297 692 454 732 volens
476 705 560 732 nec
579 693 743 733 sciens.
802 692 966 732 Manus
985 693 1104 732 enim
1120 697 1249 744 tuae,
1271 692 1398 733 Deus

80 748 279 796 meus‚in
292 747 445 787 abdito
458 748 771 801 providentiae
782 752 887 787 tuae
906 760 997 788 non
1016 748 1290 788 deserebant
1307 749 1379 788 ani

78 816 196 843 mam
222 815 390 853 meam3
425 809 470 843 et
493 805 548 844 de
577 804 797 858 sanguine
825 803 977 844 cordis
995 804 1153 844 matris
1170 816 1299 844 meae
1317 816 1400 857 per

78 859 289 898 lacrimas
318 860 415 899 eius
436 860 595 899 diebus
616 872 668 899 ac
687 859 898 899 noctibus
916 871 998 913 pro
1022 872 1093 899 me
1112 860 1400 900 sacrificaba-

79 921 153 954 tur
170 915 272 964 tibi,
301 920 346 954 et
364 915 502 967 egisti
519 928 696 955 mecum
712 915 839 955 miris
859 919 905 955 et
922 915 1115 955 occultis
1133 915 1297 956 modis.
1329 916 1400 955 Tu

78 970 193 1009 illud
213 971 370 1022 egisti,
397 970 521 1010 Deus
545 983 687 1011 meus.
746 969 861 1010 Nam
878 983 904 1010 a
922 969 1115 1011 Domino
1129 983 1306 1024 gressus
1323 970 1398 1010 Ιιο-

80 1025 205 1065 minis
230 1025 502 1079 dirigantur,
525 1033 565 1066 et
588 1026 701 1066 viam
726 1025 814 1065 eins
832 1027 958 1066 volet.
992 1025 1088 1076 (Ps.
1104 1026 1272 1076 37‚23.)
1317 1028 1400 1071 Aut

80 1094 195 1134 quae
213 1083 475 1133 procuratio
491 1082 649 1122 salutis
669 1086 1042 1135 praetermanum
1052 1087 1173 1122 tuam
1193 1082 1379 1121 reficien

78 1144 168 1176 tem
191 1150 303 1190 quae
323 1137 503 1177 fecisti'}

166 1194 211 1232 C.
232 1192 348 1232 Vlll.
410 1193 558 1246 Egisti
577 1205 686 1246 ergo
705 1198 959 1243 mecum,ut
974 1192 1086 1233 mihi
1102 1193 1377 1248 persuadere

80 1255 153 1288 tur
171 1249 358 1287 Romam
375 1261 584 1302 pergere,
604 1255 649 1289 et
664 1250 817 1301 potius
836 1249 899 1288 ibi
920 1248 1102 1299 docere,
1123 1249 1245 1302 quod
1264 1249 1377 1288 doce

78 1304 181 1343 bam
209 1303 497 1357 Carthagine.
557 1304 614 1343 Et
640 1303 726 1343 hoc
752 1304 871 1344 unde
891 1302 1284 1357 mihipersuasum
1304 1303 1396 1344 est2

78 1359 180 1399 Non
200 1360 461 1412 praeteribo
481 1360 691 1400 confiteri
707 1359 804 1408 tibi,
826 1360 1037 1413 quoniam
1058 1365 1104 1400 et
1118 1361 1165 1399 in
1183 1359 1253 1399 his
1273 1360 1377 1399 altis

80 1416 183 1455 simi
207 1416 273 1454 tui
292 1428 501 1455 recessus
522 1421 567 1455 et
583 1416 957 1468 praesentissima
973 1416 1019 1455 in
1036 1428 1119 1455 nos
1139 1416 1379 1455 misericor

79 1471 153 1511 dia
170 1477 248 1510 tua
266 1471 511 1524 cogitanda
530 1476 575 1511 et
591 1470 898 1524 praedicanda
921 1476 1003 1511 est.
1062 1470 1165 1511 Non
1183 1471 1288 1510 ideo
1308 1471 1375 1510 Ro

76 1540 194 1566 mam
214 1539 404 1580 pergere
418 1527 557 1576 volui,
569 1527 690 1579 quod
706 1527 904 1566 maiores
918 1527 1394 1579 quaestus,maiorque

75 1581 187 1621 mihi
203 1583 401 1635 dignitas
423 1582 477 1621 ab
494 1584 666 1632 amicis,
680 1583 755 1635 qui
773 1581 860 1621 hoc
875 1582 1141 1631 suadebant,
1160 1582 1393 1635 promitte-

76 1638 229 1686 batur,
259 1651 527 1690 quamquam
548 1643 593 1678 et
611 1639 701 1677 ista
719 1637 946 1677 ducebant
965 1638 1161 1677 animum
1178 1642 1285 1677 tunc
1303 1649 1394 1676 me-

76 1706 148 1732 um
165 1707 174 1742 ;
208 1693 286 1732 sed
308 1693 389 1732 illa
409 1698 507 1732 erat
526 1705 663 1732 causa
681 1694 877 1732 maxima
896 1698 941 1731 et
956 1704 1100 1744 paene
1121 1692 1243 1742 sola,
1273 1692 1394 1745 quod

75 1748 313 1787 audiebam
326 1749 521 1800 quietius
536 1749 601 1787 ibi
619 1748 802 1788 studere
816 1747 1150 1798 adolescentes,
1162 1753 1207 1787 et
1216 1748 1376 1787 ordina

74 1805 193 1843 tiore
215 1804 482 1857 disciplinae
504 1804 782 1843 coercitione
803 1802 974 1852 sedari,
1004 1816 1060 1843 ne
1078 1804 1124 1842 in
1144 1804 1240 1843 eius
1263 1802 1372 1843 scho

74 1859 177 1907 lam,
190 1871 276 1912 quo
288 1859 506 1912 magistro
519 1871 609 1898 non
617 1864 817 1908 utuntur,
830 1859 994 1911 passim
1006 1866 1049 1898 et
1058 1864 1268 1912 proterve
1281 1860 1393 1898 irru-

76 1922 170 1965 ant,
190 1927 273 1954 nec
287 1927 366 1954 eos
382 1915 559 1954 admitti
574 1915 770 1963 omnino,
784 1915 868 1953 nisi
882 1914 1242 1967 illepermiserit.
1278 1915 1391 1952 Con-

78 1978 148 2010 tra
161 1971 279 2024 apud
292 1969 610 2023 Carthaginem
630 1969 767 2009 foeda
781 1975 849 2009 est
864 1979 908 2010 et
926 1971 1232 2023 intemperans
1253 1970 1391 2009 licen-

77 2027 141 2065 tia
161 2025 555 2066 scholasticorum.
606 2026 861 2079 Irrumpunt
874 2026 1171 2079 impudenter,
1191 2029 1236 2065 et
1249 2036 1391 2077 prope

78 2081 255 2121 furiosa
272 2081 423 2121 fronte
442 2081 708 2134 perturbant
728 2082 946 2130 ordinem,
962 2094 1092 2134 quem
1114 2083 1303 2134 quisque
1329 2081 1392 2120 di-

78 2138 265 2190 scipulis
287 2139 343 2177 ad
364 2137 690 2190 proficiendum
709 2137 974 2177 instituerit.
1007 2137 1153 2176 Multa
1170 2137 1391 2176 iniuriosa

75 2192 250 2233 faciunt
262 2195 374 2233 mira
385 2192 673 2241 hebetudine,
687 2198 731 2233 et
747 2193 1175 2242 priniendaleptibus,
1191 2193 1276 2231 nisi
1287 2204 1387 2230 con>
