1473 2443
66 96 117 135 {213
383 89 661 133 AURELII
690 87 1068 130 AUGUSTINI

68 178 274 233 possidet
289 190 401 226 eam,
416 187 561 229 neque
582 180 832 214 creatorem
854 174 951 213 eius
970 173 1097 212 novit
1115 175 1192 210 aut
1211 169 1381 223 diligit:

66 236 132 275 sic
157 234 349 274 fidelis
371 232 546 279 homo,
567 231 718 269 cuius
743 235 893 269 totus
915 228 1144 268 mundus
1171 226 1384 265 divitia-

64 304 172 330 rum
198 296 282 329 est
307 289 462 337 (Prov.
494 287 559 336 17,
589 285 626 325 (5.
648 298 738 325 sec.
758 285 944 333 LXX),
977 289 1029 323 et
1055 282 1207 337 quasi
1241 280 1384 321 nihil

67 347 277 387 habens
305 343 484 384 omnia
506 355 531 396 p
547 341 758 382 ossidet
786 339 1129 380 inhaerendo
1155 337 1276 387 tibi,
1298 337 1383 376 cui

65 403 315 443 serviunt
340 399 540 449 omnia3
575 397 777 451 quamvis
804 408 888 435 nec
912 395 1075 435 saltem
1098 393 1384 447 septemtrio-

65 471 168 498 num
187 468 328 510 gyros
347 456 541 503 noverit,
562 454 768 493 dubitare
788 452 974 492 stultum
995 455 1083 500 est,
1103 450 1211 503 quin
1229 449 1385 500 utique

64 514 228 554 melior
247 512 320 561 sit,
331 523 463 565 quam
475 522 661 550 mensor
680 508 813 557 coeli,
827 517 871 547 et
889 511 1151 546 numerator
1170 504 1384 551 siderum,

66 576 286 623 etpensor
301 569 646 615 elementorum,
666 571 710 604 et
729 563 966 616 negligens
985 562 1067 609 tui,
1084 561 1159 614 qui
1178 559 1323 599 omnia
1340 558 1386 598 in

64 636 266 665 mensura
284 629 328 663 et
343 636 521 662 numero
542 627 583 661 et
594 620 788 674 pondere
806 615 1066 671 disposuisti.
1086 616 1209 668 (Sap.
1224 616 1385 665 ll,21.)

149 680 196 720 C.
221 678 276 720 V.
339 678 431 719 Sed
460 683 610 717 tamen
641 676 738 729 quis
765 673 1032 726 quaerebat,
1066 669 1386 712 Manichaeum

64 736 221 776 nescio
243 747 375 788 quem
394 734 529 774 etiam
550 733 639 771 ista
658 731 874 779 scribere,
895 730 991 768 sine
1013 740 1202 780 quorum
1221 726 1388 779 peritia

68 794 212 846 pietas
233 791 346 830 disci
366 793 549 842 poterat
559 789 573 827 ’ἐ
593 786 763 826 Dixisti
785 785 903 825 enim
922 783 1114 823 homini:
1135 796 1229 823 ecce
1242 781 1386 835 pietas

66 854 129 887 est
144 845 361 900 sapientia
381 844 495 894 (Iob.
516 844 584 893 28,
599 843 706 892 28.)‚
728 854 860 894 quam
878 840 957 879 ille
978 840 1194 893 ignorare
1212 842 1383 891 posset,

67 903 204 944 etiam
227 902 266 942 si
290 902 381 941 ista
397 899 603 953 perfecte.
621 904 801 938 nosset:
839 897 929 936 ista
945 908 1054 935 vero
1076 895 1181 947 quia
1200 906 1289 933 non
1310 905 1385 931 no-

64 963 212 1007 verat,
237 956 631 1010 impudentissime.
651 953 822 993 audens
843 952 1032 1001 docere,
1056 962 1243 1003 prorsus
1262 949 1387 988 illam

66 1026 201 1055 nosse
234 1026 324 1053 non
358 1018 532 1065 posset.
590 1009 781 1050 vanitas
818 1013 888 1047 est
911 1008 1030 1048 enim
1052 1006 1279 1046 mundana
1300 1005 1389 1043 ista

66 1071 204 1110 etiam
224 1074 334 1109 nota
350 1067 572 1121 profiteri,
586 1068 733 1118 pictas
757 1069 905 1103 autem
923 1063 1009 1102 tibi
1028 1061 1249 1102 confiteri.
1301 1060 1387 1099 Un-

67 1127 120 1166 de
140 1126 218 1165 ille
239 1125 396 1164 devius
416 1124 471 1163 ad
490 1122 576 1162 hoc
594 1123 683 1161 ista
702 1121 889 1159 multum
907 1119 1086 1158 locutus
1107 1122 1197 1166 est,
1217 1122 1266 1155 ut
1285 1128 1388 1154 con-

68 1182 211 1222 victus
232 1180 286 1219 ab
307 1181 388 1228 eis,
409 1179 483 1232 qui
501 1179 592 1219 ista
607 1189 712 1216 vere
734 1175 1016 1223 didicissent,
1030 1173 1128 1225 quis
1149 1179 1272 1211 esset
1290 1172 1387 1209 eius

69 1250 228 1277 sensus
250 1237 295 1275 in
315 1235 509 1275 cacteris
531 1246 644 1287 quae
666 1231 893 1271 abditiora
911 1226 1293 1278 sunt‚1nanifeste
1315 1239 1387 1264 co-

68 1297 381 1346 gnosceretur.
415 1289 516 1330 Non
530 1290 647 1328 enim
665 1287 793 1340 parvi
812 1285 1060 1326 existimari
1076 1295 1123 1322 se
1142 1281 1388 1329 voluit,se‹i

69 1348 288 1401 Spiritum
300 1351 505 1386 sanctum
520 1343 859 1384 consolatorem
871 1346 916 1380 et
931 1341 1173 1380 ditatorem
1190 1337 1390 1377 fidelium

67 1411 249 1444 tuorum
276 1402 550 1442 auctoritate
576 1398 785 1452 plenaria
811 1396 1117 1451 personaliter
1144 1395 1191 1433 in
1215 1405 1262 1433 se
1289 1404 1389 1432 esse

67 1458 346 1513 persuadere
381 1462 572 1497 conatus
609 1460 691 1495 est.
752 1453 909 1506 Itaque
945 1464 1045 1491 cum
1079 1450 1133 1490 de
1173 1448 1303 1488 coelo
1339 1460 1390 1486 ae

68 1515 236 1563 stellis,
262 1519 308 1554 et
326 1513 380 1553 de
409 1513 522 1552 solis
548 1524 600 1551 ac
622 1511 752 1550 lunae
771 1508 970 1548 motibus
988 1506 1107 1546 falsa
1125 1505 1295 1544 dixisse
1316 1503 1389 1541 de-

66 1569 449 1623 prehenderetur,
471 1567 673 1620 quamvis
694 1565 751 1605 ad
769 1564 1023 1604 doctrinam
1043 1560 1281 1613 religionis
1302 1559 1389 1597 ista

69 1639 158 1665 non
181 1626 461 1677 pertineant,
496 1628 649 1663 tamen
672 1634 807 1660 ausus
832 1619 929 1658 eius
959 1616 1213 1668 sacrilegos
1242 1613 1385 1653 fuisse

70 1682 181 1721 satis
203 1681 548 1727 emineret,cu1n
568 1689 622 1716 ea
638 1688 730 1715 non
747 1675 895 1714 solum
913 1669 1232 1726 ignorata‚sed
1251 1669 1387 1709 etiam

70 1736 190 1776 falsa
222 1743 314 1775 tam
339 1746 507 1774 vesana
530 1731 772 1785 superbiae
796 1729 996 1769 vanitate
1032 1727 1225 1777 diceret,
1259 1730 1309 1764 ut
1334 1737 1388 1763 ea

68 1798 297 1844 tamquam
332 1790 510 1829 divinae
542 1797 768 1840 personae
801 1784 1002 1825 tribuere
1038 1782 1125 1822 sibi
1147 1782 1384 1820 niteretur.

72 1849 182 1887 Cum
202 1847 321 1887 enim
338 1844 474 1885 audio
495 1842 802 1882 Christianum
820 1840 1016 1892 aliquem
1034 1837 1241 1885 fratrem,
1259 1836 1387 1875 illum

70 1903 283 1943 :tntillum
300 1902 390 1941 ista
407 1899 756 1946 nescientem‚et
774 1895 896 1935 aliud
913 1907 994 1947 pro
1008 1894 1098 1933 alio
1115 1893 1386 1932 sentientem

70 1960 296 2012 patienter
312 1958 494 1996 intueor
510 1954 769 2006 opinantem
786 1948 1205 1998 hominem‚nec1'lli
1220 1947 1384 1987 obesse

72 2015 218 2064 video,
232 2026 331 2054 cum
351 2012 405 2051 de
421 2009 686 2060 te‚Domine
706 2012 886 2047 creator
902 2006 1213 2054 omnium,non
1228 2001 1386 2041 credat

67 2071 267 2124 indigna,
282 2069 323 2109 si
339 2067 459 2107 forte
479 2067 592 2105 situs
610 2070 655 2104 et
671 2063 851 2102 habitus
873 2066 1108 2101 creaturae
1129 2057 1382 2111 corporalis

67 2130 266 2179 ignoret.
301 2123 443 2163 Obest
462 2119 673 2169 autem,si
694 2118 781 2158 hoc
800 2117 856 2157 ad
872 2118 1016 2170 ipsam
1035 2115 1270 2155 doctrinae
1289 2113 1381 2165 pie-

67 2185 174 2222 tatis
200 2181 391 2223 formam
409 2177 640 2232 pertinere
660 2175 923 2223 arbitretur,
946 2178 991 2212 et
1009 2170 1285 2225 pertinacius
1307 2167 1381 2208 ad-
