1473 2443
115 72 194 115 186
429 74 706 116 AURELII
737 73 1110 117 AUGUSTINI

115 160 202 210 eis,
228 162 279 199 ut
302 160 376 214 qui
398 171 446 200 se
467 159 520 199 ab
542 172 596 200 ea
612 159 895 201 manifestari
913 160 1093 211 nolunt,
1113 163 1159 200 et
1177 171 1257 200 eos
1274 158 1432 201 nolen-

110 222 182 257 tes
213 216 496 265 manifestet,
533 221 579 256 et
611 217 676 256 eis
704 217 804 269 ipsa
827 229 916 257 non
940 218 1000 257 sit
1021 216 1277 257 manifesta.
1339 215 1429 266 Sic,

112 273 179 312 sic
203 272 361 322 etiam,
390 273 457 312 sic
480 272 654 313 animus
678 270 896 312 humanus
922 274 1078 323 etiam,
1103 273 1169 313 sic
1197 284 1360 312 caecus
1385 277 1432 311 et

110 327 377 381 languidus,
401 328 547 380 turpis
573 333 707 382 atque
731 328 947 369 indecens
970 329 1113 369 latere
1136 328 1252 380 vult;
1286 340 1334 368 se
1353 341 1428 368 au-

111 390 204 424 tem
222 388 271 423 ut
288 383 429 423 lateat
447 383 634 437 ahquid,
654 397 744 424 non
762 384 871 425 vult.
933 384 1103 425 Contra
1119 384 1189 425 illi
1205 383 1428 436 redditur,

111 446 162 480 ut
180 440 277 493 ipse
297 452 387 480 non
405 439 548 480 lateat
565 441 824 491 veritatem,
848 440 995 494 ipsum
1013 445 1163 480 autem
1180 440 1350 480 veritas
1367 440 1430 479 la-

112 500 223 536 teat.
283 496 456 536 Tamen
481 496 617 536 etiam
641 497 707 536 sic
726 496 829 536 dum
846 496 986 536 miser
1005 502 1096 547 est,
1121 497 1243 536 veris
1260 496 1433 536 mavult

114 552 315 606 gaudere
336 564 467 604 quam
484 551 631 593 falsis.
689 552 888 593 Beatus
915 565 1041 606 ergo
1068 553 1192 602 erit,
1218 552 1264 592 si
1287 552 1433 592 nulla

113 608 511 662 interpellante
558 608 814 649 molestia
858 608 918 648 de
956 609 1094 661 ipsa,
1148 620 1245 662 per
1283 620 1433 661 quam

114 677 243 705 vera
267 670 388 704 sunt
413 666 606 714 omnia,
631 664 753 705 sola
775 664 1010 704 veritate
1035 664 1304 718 gaudebit.

200 720 247 760 C.
273 720 437 761 XXIV.
497 720 616 761 Ecce
650 725 864 775 quantum
898 721 1118 774 spatiatus
1152 733 1249 760 sum
1273 721 1320 759 in
1341 731 1433 759 me-

116 777 264 817 moria
285 789 408 827 mea,
433 789 656 830 quaerens
682 782 747 827 te,
780 776 998 826 Domine,
1033 781 1079 816 et
1101 789 1190 816 non
1212 781 1257 816 te
1281 775 1436 815 inveni

119 839 249 873 extra
272 844 383 873 eam.
444 832 602 887 Neque
630 834 748 872 enim
771 832 944 886 aliquid
969 833 1023 873 de
1048 837 1094 872 te
1113 832 1286 882 inveni,
1312 831 1435 885 quod

117 902 209 930 non
234 889 561 938 meminissem,
589 901 645 928 ex
670 901 758 943 quo
779 889 919 931 didici
936 901 997 929 te.
1056 887 1171 930 Nam
1189 900 1245 928 ex
1263 900 1350 942 quo
1372 887 1434 927 di-

119 946 210 986 dici
227 949 273 985 te
286 975 296 994 ‚
313 956 403 985 non
422 958 519 985 sum
539 945 706 985 oblitus
723 945 804 985 tui.
863 945 952 985 Ubi
970 944 1088 985 enim
1105 944 1257 985 inveni
1275 943 1437 983 verita·

116 1007 230 1051 tem,
248 1001 312 1041 ibi
329 1001 483 1041 inveni
498 1000 647 1041 Deum
663 1013 826 1050 meum,
846 1001 992 1053 ipsam
1009 1000 1265 1051 veritatem,
1289 1012 1436 1054 quam,

119 1070 176 1098 ex
200 1069 288 1110 quo
309 1056 469 1106 didici,
494 1069 584 1096 non
603 1070 700 1096 sum
719 1056 904 1097 oblitus.
962 1057 1120 1110 Itaque
1141 1068 1197 1097 ex
1215 1069 1303 1110 quo
1324 1054 1436 1096 didi-

120 1115 162 1154 ci
179 1118 244 1163 te,
262 1125 417 1152 manes
435 1113 481 1151 in
499 1113 720 1152 memoria
736 1125 858 1164 mea,
879 1117 924 1153 et
940 1113 1036 1152 illic
1054 1118 1099 1152 te
1117 1112 1317 1162 invenio,
1337 1124 1435 1152 cum

118 1169 391 1210 reminiscor
413 1169 501 1219 tui,
533 1173 578 1208 et
602 1168 808 1208 delector
825 1169 870 1208 in
887 1173 949 1209 te.
1008 1168 1109 1208 Hae
1129 1173 1233 1208 sunt
1251 1173 1436 1207 sanctae

121 1225 316 1267 deliciae
342 1236 491 1274 meae,
527 1237 637 1277 quas
663 1224 845 1264 donasti
868 1222 979 1264 mihi
1001 1224 1319 1265 misericordia
1343 1229 1436 1273 tua,

118 1282 372 1334 respiciens
392 1285 707 1334 paupertatem
724 1293 884 1320 meam.

204 1338 250 1377 C.
270 1336 412 1377 XXV.
475 1336 563 1377 Sed
582 1336 660 1376 ubi
675 1348 830 1376 manes
848 1337 894 1375 in
911 1336 1132 1376 memoria
1148 1347 1263 1384 mea,
1281 1334 1436 1374 Domi-

119 1393 202 1434 ne‘}
231 1393 319 1433 Ubi
344 1392 441 1433 illic
466 1392 648 1432 manes&
681 1392 826 1441 Quale
846 1392 994 1432 cubile
1013 1391 1250 1432 fabricasti
1267 1391 1363 1430 illic
1382 1391 1435 1429 ti-

116 1449 188 1490 biit
223 1448 366 1498 Quale
399 1449 706 1489 sanctuarium
743 1448 997 1488 aedificasti
1027 1448 1134 1488 tibiCl
1165 1449 1234 1488 'I'u
1269 1446 1435 1487 dedisti

119 1505 235 1545 hanc
260 1505 572 1559 dignationem
590 1505 837 1545 memoriae
856 1517 1005 1554 meae,
1029 1509 1079 1543 ut
1095 1515 1278 1544 maneas
1295 1503 1341 1542 in
1360 1514 1434 1553 ea3

119 1562 200 1602 sed
218 1562 263 1601 in
283 1573 370 1614 qua
391 1561 488 1600 eius
507 1565 634 1615 parte
652 1573 852 1610 maneas,
872 1559 958 1600 hoc
978 1560 1235 1600 considero.
1269 1559 1434 1598 Trans-

118 1618 275 1658 scendi
295 1617 412 1657 enim
430 1623 581 1669 partes
603 1617 699 1657 eius
714 1647 724 1667 ,
744 1629 854 1669 quas
874 1614 1042 1655 habent
1060 1620 1105 1655 et
1121 1615 1313 1663 bestiae,
1335 1626 1434 1653 cum

116 1679 161 1713 te
186 1673 475 1723 recordarer3
509 1674 614 1726 quia
632 1685 721 1712 non
737 1672 801 1712 ibi
819 1677 864 1712 te
883 1671 1167 1711 inveniebam
1186 1671 1305 1709 inter
1322 1669 1428 1709 ima-

116 1730 247 1782 gines
266 1741 418 1768 rerum
438 1729 764 1782 corporalium,
792 1732 838 1767 et
854 1727 958 1767 veni
975 1727 1031 1767 ad
1049 1731 1201 1780 partes
1221 1726 1338 1776 eius,
1357 1725 1431 1765 ubi

118 1784 433 1824 commendavi
459 1784 744 1824 adfectiones
769 1783 907 1823 animi
928 1783 1037 1832 mei,
1061 1794 1146 1822 nec
1168 1782 1264 1822 illic
1281 1782 1434 1821 inveni

114 1846 176 1880 te.
236 1841 294 1879 Et
316 1841 481 1879 intravi
506 1839 562 1879 ad
584 1840 727 1892 ipsius
752 1838 890 1879 animi
912 1839 1001 1877 mei
1026 1838 1202 1888 sedem,
1228 1849 1341 1892 quae
1365 1837 1433 1876 illi

118 1901 189 1936 est
218 1896 265 1935 in
295 1895 518 1935 memoria
541 1907 664 1945 mea,
698 1895 911 1948 quoniam
934 1895 1005 1933 sui
1028 1906 1207 1948 quoque
1230 1892 1434 1933 meminit

117 1953 308 2001 animus,
327 1963 411 1991 nec
428 1950 490 1990 ibi
508 1955 557 1990 tu
576 1963 697 2001 eras3
731 1950 835 2004 quia
852 1950 971 1989 sicut
987 1963 1078 1990 non
1098 1963 1145 1990 es
1163 1950 1314 2002 imago
1336 1960 1432 1988 cor-

116 2007 310 2062 poralis,
336 2019 421 2046 nec
438 2005 638 2046 adfectio
658 2006 873 2055 viventis,
901 2006 1046 2059 qualis
1066 2010 1155 2055 est,
1175 2018 1274 2045 cum
1293 2004 1432 2043 laeta-

115 2076 233 2114 mur,
254 2063 597 2112 contristamur,
618 2062 836 2115 cupimus,
854 2063 1111 2111 metuimus,
1129 2060 1430 2108 meminimus,

116 2119 442 2169 obliviscimur,
463 2123 508 2158 et
527 2118 745 2172 quidquid
765 2116 1020 2158 huiusmodi
1043 2123 1132 2157 est:
1151 2118 1217 2157 ita
1233 2128 1317 2155 nec
1334 2115 1430 2169 ipse

115 2176 292 2217 animus
326 2180 415 2226 est,
449 2175 555 2229 quia
585 2172 808 2215 Dominus
841 2173 967 2214 Deus
1001 2173 1137 2213 animi
1168 2177 1218 2212 tu
1251 2184 1313 2212 es.
1373 2170 1430 2210 Et
