1514 2438
250 112 791 155 CONFESSIONUM
820 113 1026 155 LIBER
1056 114 1193 156 XllI.
1305 117 1385 157 2157

59 203 168 242 eunt
189 198 534 254 praedicatores
557 200 687 241 verbi
709 200 777 240 tui
801 211 858 240 ex
883 198 970 240 hac
993 200 1088 240 vita
1104 201 1151 240 in
1169 200 1307 241 aliam
1323 203 1385 241 vi-

58 263 167 297 tam:
203 256 431 310 scriptura
451 268 561 296 vero
580 261 659 296 tua
674 269 818 310 usque
837 258 882 297 in
902 257 1035 297 finem
1055 257 1231 298 saeculi
1249 270 1386 312 super

63 313 259 367 populos
285 313 558 353 extenditur.
621 312 712 353 Sed
737 318 782 353 et
809 313 988 353 coelum
1013 318 1058 352 et
1074 318 1200 353 terra
1224 315 1388 354 transi-

62 370 194 419 bunt,
219 381 456 410 sermones
480 374 632 409 autem
648 369 716 408 tui
734 381 824 408 non
840 370 1099 410 transibunt
1117 368 1300 419 (Matth.
1321 370 1388 419 24,

62 426 173 477 35.);
208 426 423 479 quoniam
447 431 493 465 et
508 425 643 478 pellis
663 425 930 479 plicabitur,
957 430 1003 465 et
1019 424 1226 476 foenum,
1252 438 1390 479 super

61 482 185 536 quod
199 481 545 532 extendebatur,
559 495 660 522 cum
679 482 887 521 claritate
907 494 988 521 sua
1005 483 1272 536 praeteriet:
1294 495 1390 522 ver-

62 539 171 578 bum
199 543 350 579 autem
370 544 498 578 tuum
520 542 673 578 manet
691 538 737 578 in
764 544 999 578 aeternum
1018 538 1124 588 (les.
1144 539 1212 588 40,
1233 537 1271 578 6.
1292 544 1390 589 ss.),

64 594 186 649 quod
217 607 336 635 nunc
368 595 415 634 in
456 596 713 648 aenigmate
747 595 934 635 nubium
966 599 1012 634 et
1043 606 1124 647 per
1156 594 1389 648 speculum

62 651 196 701 coeli,
210 663 300 691 non
319 651 456 692 sicuti
475 651 761 704 est,adparet
774 650 926 702 nobis;
948 651 1055 704 quia
1072 655 1118 691 et
1134 663 1218 691 nos
1239 663 1389 704 quam-

61 708 130 748 vis
150 707 244 748 filio
263 712 344 747 tuo
365 707 525 748 dilecti
542 709 699 758 simus,
720 707 911 747 nondum
928 707 1150 760 adparuit,
1174 708 1290 761 qnod
1307 706 1388 746 eri-

62 776 170 804 mus.
231 763 449 804 Adtendit
470 775 552 816 per
574 764 694 803 retia
717 765 886 814 carnis,
911 768 957 804 et
973 763 1205 804 blanditus
1227 768 1316 812 est,
1346 770 1392 802 et

61 819 380 870 inflammavit,
409 825 454 859 et
478 820 759 860 cucurrimus
786 825 892 874 post
917 820 1109 860 odorem
1133 819 1246 859 eius.
1308 819 1393 859 Sed

64 889 160 917 eum
181 875 453 929 adparuerit,
479 875 637 916 similes
657 875 697 916 ei
721 875 899 926 erimus,
929 875 1134 930 quoniam
1155 874 1391 916 videbimus

64 945 174 982 enm,
194 932 325 973 sicuti
342 939 405 972 est
424 934 465 981 (l
486 931 581 973 Ioh.
603 932 642 982 3,
662 934 742 984 2.):
776 933 913 973 sicuti
933 937 1017 984 est,
1036 931 1248 982 Domine,
1268 932 1390 972 vide·

64 1001 112 1029 re
132 994 354 1039 nostrum,
375 988 498 1042 quod
516 989 714 1029 nondum
734 994 805 1030 est
823 989 971 1030 nobis.

146 1045 193 1085 C.
222 1044 341 1085 XVI.
402 1044 517 1085 Nam
541 1047 659 1086 sicut
682 1046 865 1086 omnino
890 1050 941 1086 tu
965 1057 1034 1097 es,
1059 1049 1109 1086 tu
1132 1046 1222 1086 scis
1244 1045 1387 1094 solus,

62 1103 138 1156 qui
157 1114 204 1141 es
222 1101 680 1153 incommutabiliter,
701 1107 747 1142 et
764 1102 855 1143 scis
872 1102 1323 1152 incommutabiliter,
1345 1108 1391 1141 et

59 1159 127 1198 xis
160 1158 610 1199 incommutabiliter.
669 1133 730 1199 'Et
763 1160 966 1199 essentia
996 1164 1075 1199 tua
1107 1159 1194 1199 scit
1228 1163 1273 1198 et
1294 1157 1392 1197 vult

59 1214 517 1265 incommutabiliter,
550 1220 596 1255 et
621 1216 817 1255 scientia
837 1220 917 1254 tua
941 1220 1011 1255 est
1033 1220 1080 1255 et
1101 1215 1198 1254 vult
1219 1216 1390 1254 incom-

60 1270 363 1320 mutabiliter,
392 1276 438 1311 et
460 1271 672 1311 voluntas
690 1276 769 1311 tua
789 1276 859 1310 est
878 1276 924 1310 et
940 1273 1027 1311 scit
1043 1269 1390 1310 incommutabi-

60 1327 181 1366 liter.
242 1325 339 1367 Nec
356 1327 537 1366 videtur
552 1329 723 1367 iustum
748 1339 850 1366 esse
877 1339 1030 1367 coram
1055 1332 1120 1376 te,
1139 1331 1210 1377 ut,
1238 1338 1389 1379 quem-

64 1382 308 1422 admodum
327 1394 375 1421 se
396 1383 483 1422 scit
516 1382 668 1422 lumen
700 1383 1096 1432 incommutabile,
1135 1384 1202 1423 ita
1218 1382 1391 1422 sciatur

64 1439 119 1479 ab
166 1438 425 1478 illuminato
469 1438 794 1478 commutabili.
856 1438 1058 1492 Ideoque
1100 1440 1251 1479 anima
1288 1450 1391 1478 mea

62 1503 291 1548 tamquam
309 1500 433 1534 terra
452 1496 549 1535 sine
568 1508 686 1549 aqua
701 1495 803 1545 tibi3
837 1496 943 1548 quia
961 1497 1080 1535 sicut
1098 1506 1146 1535 56
1163 1494 1390 1534 illumina·

64 1564 113 1591 re
140 1552 195 1592 de
221 1563 268 1591 se
293 1563 384 1590 non
406 1556 582 1603 potest,
607 1553 673 1592 ita
696 1563 745 1591 se
771 1551 938 1592 satiare
965 1551 1019 1591 de
1044 1564 1092 1592 se
1112 1563 1203 1591 non
1219 1555 1388 1603 potest.

66 1608 141 1649 Sic
165 1608 285 1647 enim
308 1607 427 1660 apud
452 1612 497 1647 te
524 1606 627 1647 fons
643 1608 784 1657 vitae,
810 1608 1039 1662 quomodo
1058 1608 1104 1647 in
1122 1606 1291 1647 lumine
1309 1612 1389 1647 tuo

61 1664 317 1705 videbimus
336 1664 501 1704 lumen.
524 1663 618 1711 (Ps.
640 1663 706 1714 36,
729 1666 814 1715 10.)

148 1720 195 1760 C.
218 1719 359 1761 XVII.
423 1719 535 1769 Quis
575 1719 867 1775 congregavit
903 1720 1205 1761 amaricantes
1239 1720 1284 1760 in
1318 1733 1387 1760 so-

64 1777 277 1816 cietatem
300 1777 459 1816 unamZ
491 1777 636 1825 (Idem
661 1789 853 1830 namque
877 1777 969 1817 illis
994 1777 1096 1817 finis
1122 1782 1193 1817 est
1215 1782 1388 1830 tempo-

61 1832 174 1872 ralis
213 1837 264 1872 et
290 1837 503 1872 terrenae
537 1833 795 1882 felicitatis,
830 1838 1018 1887 propter
1051 1846 1182 1887 quam
1215 1832 1390 1872 faciunt

64 1890 234 1938 omnia,
269 1889 472 1942 quamvis
496 1890 817 1930 innumerabili
844 1891 1063 1930 varietate
1083 1902 1291 1929 curarum
1310 1887 1388 1927 ssu-

64 1947 256 1995 ctuent.)
319 1944 452 1994 Quis,
480 1944 696 1996 Domine,
722 1947 810 1986 nisi
829 1951 897 1997 tu,
924 1948 999 2000 qui
1020 1946 1196 1995 dixisti,
1216 1950 1265 1984 ut
1284 1957 1388 1983 con-

65 2005 368 2055 gregarentur
383 2013 526 2064 aquae
542 2002 587 2041 in
606 2003 1014 2056 congregationem
1031 2015 1180 2051 unam,
1197 2005 1242 2040 et
1256 1999 1389 2052 adpa-

65 2063 186 2096 reret
233 2056 361 2096 arida
409 2057 569 2097 sitiens
616 2058 726 2098 tibi?
758 2059 892 2108 (Gen.
920 2061 958 2109 1,
987 2058 1026 2100 9.
1047 2061 1127 2108 ss.)
1164 2057 1389 2104 Quoniam

64 2117 192 2152 tuum
216 2118 286 2153 est
307 2125 451 2161 mare,
477 2118 522 2152 et
543 2118 594 2153 tu
617 2113 771 2155 fecisti
794 2115 927 2164 illud,
955 2121 1000 2155 et
1026 2113 1197 2154 aridam
1220 2117 1389 2151 terram

64 2181 223 2208 manus
256 2175 361 2208 tuae
395 2167 719 2210 formaverunt.
755 2171 851 2220 (Ps.
870 2171 937 2220 95,
956 2171 1016 2221 5.)
1077 2168 1235 2221 Neque
1271 2168 1387 2207 enim

66 2225 321 2265 amaritudo
342 2224 622 2265 voluntatum
636 2256 646 2275 ,
671 2227 752 2266 sed
771 2226 1062 2280 congregatio
1082 2236 1297 2276 aquarum
1318 2236 1387 2263 vo-
