1514 2438
284 106 814 150 CONFESSIONUM
843 106 1047 148 LIBER
1076 106 1158 148 XI.
1303 108 1380 146 207

62 199 176 237 tiare
198 197 352 236 onmia
366 193 657 234 hortamenta
673 198 772 243 tua,
799 198 844 233 et
864 205 1020 233 omnes
1038 196 1242 232 terrores
1260 196 1382 241 tuos,

63 260 107 292 et
140 251 485 292 consolationes
513 255 558 290 et
584 250 964 304 gubernationes,
1000 249 1164 302 quibus
1188 260 1260 288 me
1284 261 1382 302 per-

65 309 237 349 duxisti
271 307 539 361 praedicare
572 307 781 355 verbum,
818 310 864 345 et
895 309 1230 345 sacramentum
1257 309 1385 344 tuum

68 366 332 418 dispensare
350 363 518 418 populo
538 362 644 402 tuo&
684 362 743 402 Et
761 363 800 402 si
817 362 993 402 sufficio
1015 359 1127 401 haec
1147 360 1383 400 enuntiare

68 434 124 462 ex
155 420 335 470 ordine,
370 431 476 460 caro
506 417 616 458 mihi
646 419 800 458 valent
824 417 975 458 stillae
999 422 1268 470 temporum.
1328 416 1386 455 Et

67 478 176 517 olim
192 476 433 516 inardesco
451 474 664 515 meditari
681 476 729 515 in
747 474 851 528 lege
870 478 964 524 tua,
978 478 1023 514 et
1039 473 1087 512 in
1107 485 1161 513 ea
1178 473 1263 513 tibi
1283 484 1386 512 con-

67 533 188 573 fiteri
205 533 442 572 scientiam
462 536 508 571 et
524 531 798 585 imperitiam
816 542 982 579 meam,
1016 528 1268 583 primordia
1286 528 1386 568 illu-

65 589 328 630 minationis
360 593 490 637 tuae,
526 592 572 627 et
604 587 826 640 reliquias
852 586 1146 626 tenebrarum
1168 597 1387 634 mearum,

68 658 155 700 quo
189 657 332 698 usque
370 644 616 684 devoretur
649 656 675 683 a
707 642 980 683 fortitudine
1013 642 1270 681 infirmitas.
1331 640 1389 680 Et

68 701 174 742 nolo
203 702 250 741 in
274 700 398 740 aliud
416 699 557 740 horae
577 698 804 749 diffluant,
840 711 950 753 quas
969 698 1152 738 invenio
1173 697 1342 737 liberas
1363 709 1389 736 a

68 757 421 797 necessitatibus
439 755 679 796 reficiendi
698 756 922 808 corporis,
943 759 989 794 et
1004 754 1274 794 intentionis
1295 753 1389 792 ani-

69 814 146 864 mi,
168 818 213 853 et
230 813 486 862 servitutis,
507 825 640 866 quam
655 811 871 852 debemus
890 809 1171 859 hominibus,
1192 813 1237 849 et
1256 822 1389 863 quam

69 883 158 909 non
199 869 414 910 debemus
455 874 501 908 et
537 874 689 908 tamen
726 867 973 907 reddimus.
1032 865 1228 906 Domine
1262 865 1388 905 Deus

69 939 216 974 meus,
248 925 434 965 intende
468 925 668 965 orationi
698 935 848 974 meae,
885 928 931 963 et
960 922 1281 962 misericordia
1311 926 1390 960 tua

70 982 284 1022 exaudiat
308 980 585 1021 desiderium
607 993 776 1030 meum,
812 980 1026 1033 quoniam
1049 991 1140 1018 non
1163 976 1275 1018 mihi
1301 978 1390 1017 soli

70 1044 265 1088 aestuat,
285 1038 366 1078 sed
384 1037 486 1077 usui
504 1037 600 1076 vult
617 1049 718 1077 esse
737 1035 967 1076 fraternae
988 1034 1184 1083 caritati,
1197 1039 1241 1074 et
1259 1033 1388 1073 vides

68 1096 113 1135 in
134 1094 271 1134 corde
297 1106 422 1143 meo,
457 1093 563 1147 quia
587 1094 654 1133 sic
672 1097 755 1133 est.
818 1091 1082 1133 Sacrificem
1099 1091 1185 1131 tibi
1201 1089 1389 1130 famula-

68 1157 164 1190 tum
188 1150 483 1203 cogitationis
508 1154 554 1189 et
570 1149 755 1203 linguae
773 1160 922 1199 meae3
957 1153 1002 1188 et
1021 1147 1097 1197 da,
1134 1147 1257 1201 quod
1277 1144 1389 1187 offe-

69 1219 165 1246 ram
204 1207 283 1246 ibi.
342 1206 479 1259 Inops
511 1207 634 1247 enim
665 1210 711 1245 et
743 1217 917 1258 pauper
948 1218 1066 1254 sum,
1100 1208 1148 1243 tu
1183 1203 1310 1243 dives
1343 1203 1391 1242 in

73 1275 228 1303 omnes
247 1263 516 1303 invocantes
533 1266 595 1311 te,
612 1263 687 1316 qui
705 1273 895 1301 securus
915 1272 1068 1300 curam
1086 1259 1234 1298 nostri
1249 1258 1388 1311 geris.

74 1318 358 1359 Circumcide
393 1318 448 1357 ab
475 1318 598 1357 omni
622 1318 884 1356 temeritate
910 1317 1121 1368 omnique
1149 1315 1388 1354 mendacio

70 1375 295 1414 interiora
313 1380 358 1414 et
377 1374 610 1414 exteriora
626 1373 750 1413 labia
765 1384 881 1413 mea.
943 1371 1060 1412 Sint
1090 1384 1112 1410 c
1125 1375 1275 1410 astae
1304 1370 1390 1410 de-

71 1431 234 1470 liciae
274 1441 420 1469 meae
460 1429 765 1482 scripturae
803 1433 949 1477 tuae3
997 1440 1090 1467 nec
1129 1425 1294 1466 fallar
1335 1426 1389 1465 in

73 1487 171 1535 eis,
204 1499 298 1526 nec
328 1485 511 1525 fallam
537 1497 599 1525 ex
623 1485 718 1525 eis.
778 1483 990 1533 Domine,
1015 1482 1227 1532 adtende,
1248 1487 1293 1522 et
1311 1483 1389 1522 mi-

70 1541 444 1592 serere,Domine
458 1540 583 1581 Deus
596 1540 828 1591 meus,lux
844 1552 1086 1580 caecorum
1105 1544 1150 1579 et
1163 1539 1305 1578 virtus
1326 1540 1391 1578 in-

73 1599 321 1648 firmorum,
358 1598 600 1651 statimque
628 1597 707 1637 lux
732 1596 984 1636 videntium
1016 1600 1061 1635 et
1088 1596 1232 1635 virtus
1257 1593 1389 1634 forti-

71 1669 165 1704 um,
200 1654 396 1694 adtende
421 1655 615 1693 animam
636 1666 802 1702 meam,
837 1658 882 1693 et
905 1652 1012 1692 audi
1039 1651 1309 1691 clamantem
1334 1651 1389 1691 de

71 1710 313 1764 profundo.
373 1709 486 1750 Nam
525 1710 614 1750 nisi
653 1710 804 1750 adsint
837 1713 882 1748 et
914 1709 960 1748 in
992 1707 1221 1762 profundo
1256 1720 1389 1747 aures

72 1773 200 1816 tuae,
236 1779 324 1820 quo
350 1765 541 1807 ibimus2
573 1779 661 1820 quo
683 1765 1005 1806 clamabimus&
1036 1766 1162 1804 Tuus
1186 1770 1255 1804 est
1274 1764 1389 1811 dies,

74 1828 120 1862 et
149 1828 228 1861 tua
260 1828 330 1862 est
352 1835 457 1862 nox.
516 1823 583 1862 Ad
607 1829 764 1862 nutum
784 1827 912 1861 tuum
933 1826 1163 1861 momenta
1183 1826 1389 1860 transvo-

72 1878 181 1918 lant.
241 1878 432 1931 Largire
460 1878 564 1918 inde
590 1879 786 1931 spatium
814 1877 1193 1918 meditationibus
1218 1877 1389 1915 nostris

75 1936 117 1973 in
140 1934 296 1974 abdita
312 1935 429 1987 legis
449 1939 553 1974 tuae
567 1965 577 1984 ,
612 1947 757 1988 neque
778 1934 995 1974 adversus
1015 1934 1250 1985 pulsantes
1271 1932 1389 1971 clau-

76 1990 154 2030 das
191 2003 303 2030 eam.
364 1988 521 2043 Neque
564 1992 683 2030 enim
719 1989 892 2031 frustra
929 1990 1070 2030 scribi
1102 1989 1290 2028 voluisti
1321 1992 1392 2025 tot

71 2048 337 2099 paginarum
361 2059 505 2098 opaca
536 2052 729 2087 secreta.
788 2047 875 2086 Aut
892 2059 982 2085 non
1001 2045 1169 2084 habent
1186 2044 1294 2083 illae
1314 2042 1389 2081 sil-

71 2114 153 2140 vae
174 2115 333 2142 cervos
352 2108 481 2151 suos,
502 2102 777 2155 recipientes
797 2115 845 2142 se
864 2103 910 2141 in
929 2115 1006 2142 eas
1027 2107 1072 2141 et
1090 2104 1388 2146 resumentes,

73 2158 355 2198 ambulantes
389 2163 433 2197 et
462 2165 724 2211 pascentes,
757 2159 1077 2198 recumbentes
1103 2155 1389 2195 etruminan-

71 2213 168 2254 tes}
222 2213 258 2253 O
299 2213 518 2264 Domine,
551 2215 720 2267 perfice
761 2227 854 2264 me,
890 2219 936 2254 et
967 2212 1123 2253 revela
1155 2209 1265 2251 mihi
1298 2221 1388 2249 eas.
