1473 2443
110 92 190 131 222
437 86 706 128 AURELII
735 85 1098 128 AUGUSTINI

111 173 199 214 hoc
216 174 314 222 ille,
334 185 465 225 quam
488 172 564 212 diu
585 170 697 211 fecit
715 169 802 211 hoc
818 171 895 212 ille
908 201 918 221 ,
942 175 987 211 et
1005 183 1135 224 quam
1154 171 1292 224 longo
1311 176 1418 211 tem-

111 242 223 283 pore
246 229 360 269 illud
384 241 474 267 non
499 226 611 267 vidi!
642 227 700 267 Et
721 227 901 280 duplum
918 229 1135 279 temporis
1155 225 1291 267 habet
1308 226 1420 267 haec

114 285 292 339 syllaba
309 285 365 324 ad
382 284 507 323 illam
524 283 729 335 simplam
745 283 941 323 brevem.
1000 282 1204 322 Dicimus
1223 281 1335 323 haec
1348 314 1358 333 ,
1379 289 1424 323 et

114 341 317 381 audimus
335 338 467 390 haec;
486 343 532 378 et
548 339 858 391 intelligimur,
877 344 921 378 et
936 338 1247 390 intelligimus.
1278 339 1421 378 Mani-

112 396 363 436 festissima
388 400 434 434 et
455 395 754 434 usitatissima
779 400 901 444 sunt;
934 398 980 433 et
1003 395 1160 433 eadem
1185 406 1340 434 rursus
1360 396 1422 433 ni-

110 452 195 492 mis
213 451 370 499 latent,
390 454 435 490 et
452 462 570 490 nova
587 454 657 490 est
674 450 875 489 inventio
896 462 1065 489 eorum.

201 507 248 547 C.
274 505 439 546 XXIII.
496 505 660 545 Audivi
676 518 702 545 a
720 506 913 558 quodam
930 503 1110 544 homine
1131 504 1283 554 docto,
1303 505 1423 558 quod

117 563 228 603 solis
248 567 293 602 et
309 562 441 602 lunae
461 574 513 600 ac
531 560 731 601 siderum
744 566 892 601 motus
910 562 1009 613 ipsa
1025 561 1115 600 sint
1132 565 1357 613 tempora,
1379 566 1425 600 et

119 619 183 658 nil
215 617 364 658 annui.
425 617 514 656 Cur
537 618 657 657 enim
675 629 762 656 non
787 617 940 669 potius
966 616 1161 655 omnium
1181 628 1423 667 corporum

118 679 267 713 motus
291 673 381 712 sint
400 672 631 726 tempora'!
676 673 742 712 An
769 684 874 712 vero
899 672 935 711 si
961 676 1194 711 cessarent
1217 671 1336 711 coeli
1358 671 1421 711 lu-

118 731 252 778 mina,
273 733 318 768 et
334 732 594 768 moveretur
611 732 714 767 rota
730 727 873 778 figuli,
886 740 975 767 non
994 731 1115 766 esset
1131 731 1321 779 tempus,
1333 739 1420 780 quo

115 786 377 824 metiremur
395 796 474 823 eos
494 795 654 837 gyros,
693 791 738 823 et
756 784 1029 832 diceremus,
1062 787 1137 822 aut
1156 782 1421 836 aequalibus

117 840 304 880 morulis
324 840 413 893 agi,
433 844 509 879 aut
527 840 566 879 si
582 840 695 879 alias
713 838 902 888 tardius,
921 838 1033 878 alias
1052 838 1254 878 velocius
1272 849 1421 877 move-

116 900 260 944 retur,
285 895 400 934 alios
418 897 563 948 magis
584 895 820 934 diuturnos
841 906 963 944 esse,
989 894 1104 933 alios
1122 893 1292 933 minusfit
1334 894 1422 933 Aut

118 963 217 990 cum
246 949 334 990 hoc
353 950 625 1000 diceremus,
658 962 749 989 non
768 954 813 989 et
828 962 910 989 nos
928 950 973 988 in
991 955 1195 1003 tempore
1214 949 1420 1002 loquere-

115 1017 228 1055 mur,
263 1010 340 1046 aut
370 1011 525 1045 essent
541 1006 586 1045 in
604 1005 755 1045 verbis
774 1006 943 1044 nostris
963 1006 1078 1044 aliae
1099 1007 1262 1058 longae
1283 1005 1418 1057 sylla-

117 1062 222 1111 bae,
256 1061 373 1100 aliae
396 1061 580 1108 breves,
614 1061 703 1100 nisi
726 1060 830 1112 quia
852 1060 957 1099 illae
985 1061 1194 1113 longiore
1213 1066 1416 1113 tempore

115 1116 394 1164 sonuissent,
429 1116 545 1156 istae
563 1115 799 1155 breviore}
842 1114 989 1165 Deus,
1024 1116 1143 1154 dona
1160 1114 1417 1155 hominibus

114 1172 268 1211 videre
300 1173 347 1212 in
368 1183 506 1224 parvo
532 1183 789 1211 communes
812 1171 997 1210 notitias
1016 1183 1165 1210 rerum
1183 1183 1420 1222 parvarum

114 1232 248 1280 atque
271 1239 547 1280 magnarum.
608 1226 721 1267 Sunt
746 1231 791 1266 et
813 1226 964 1266 sidera
982 1231 1027 1265 et
1044 1226 1281 1265 luminaria
1299 1226 1419 1265 coeli

113 1285 159 1322 in
188 1284 330 1336 signis
355 1287 396 1322 et
420 1283 466 1321 in
487 1283 786 1335 temporibus,
820 1287 865 1321 et
886 1282 931 1320 in
953 1283 1081 1321 annis
1105 1286 1151 1321 et
1173 1282 1219 1320 in
1243 1281 1416 1322 diebus.

117 1338 229 1379 Sunt
264 1350 393 1388 ver03
427 1338 507 1378 sed
530 1350 613 1378 nec
637 1349 723 1390 ego
744 1337 934 1377 dixerim
959 1338 1196 1376 circuitum
1217 1337 1340 1377 illius
1367 1337 1418 1376 li«-

115 1393 308 1447 gneolae
326 1398 455 1433 rotae
475 1393 592 1433 diem
612 1405 732 1444 esse3
752 1405 834 1432 nec
846 1398 993 1432 tamen
1009 1393 1114 1433 ideo
1133 1398 1309 1445 tempus
1327 1405 1418 1432 non

117 1462 240 1499 esse,
273 1450 352 1490 ille
371 1449 550 1489 dixerit.
610 1449 707 1502 Ego
729 1449 846 1488 scire
866 1449 998 1501 cupio
1016 1449 1106 1488 vim
1123 1452 1415 1501 naturamque

115 1506 354 1558 temporis,
382 1517 468 1557 quo
487 1506 696 1545 metimur
714 1517 955 1558 corporum
973 1508 1142 1553 motus,
1163 1511 1209 1545 et
1227 1504 1415 1543 dicimus

114 1561 243 1600 illum
260 1566 453 1610 motum,
489 1561 616 1600 verbi
634 1562 800 1613 gratia,
823 1565 1026 1612 tempore
1047 1559 1181 1612 duplo
1201 1571 1302 1598 esse
1323 1559 1417 1600 diu-

113 1616 364 1656 turniorem
383 1629 514 1669 quam
530 1617 681 1656 istum.
740 1614 853 1655 Nam
872 1627 1061 1668 quaero,
1087 1615 1298 1667 quoniam
1317 1614 1414 1653 dies

116 1671 299 1721 dicitur,
324 1684 412 1711 non
432 1676 606 1710 tantum
623 1683 751 1711 mora
769 1670 880 1710 solis
900 1682 1034 1722 super
1051 1674 1238 1718 terram,
1259 1681 1415 1708 secun-

115 1727 220 1766 dum
238 1727 358 1778 quod
376 1727 498 1766 aliud
518 1732 587 1766 est
606 1727 722 1775 dies,
751 1725 874 1765 aliud
891 1737 1000 1775 nox,
1020 1726 1101 1764 sed
1120 1725 1254 1764 etiam
1273 1726 1414 1764 totius

115 1783 213 1821 eius
239 1782 454 1821 circuitus
479 1782 532 1821 ab
554 1783 728 1822 oriente
746 1792 887 1833 usque
906 1781 961 1820 ad
981 1782 1221 1827 orientem,
1258 1792 1414 1819 secun-

114 1838 218 1877 dum
241 1837 362 1890 quod
385 1837 595 1877 dicimus:
627 1842 697 1876 tot
719 1836 815 1877 dies
839 1836 1128 1875 transierunt.
1190 1836 1298 1875 Cum
1321 1837 1413 1874 suis

114 1894 230 1932 enim
254 1893 463 1932 noctibus
487 1893 697 1932 dicuntur
714 1896 783 1931 tot
801 1891 919 1940 dies,
955 1904 1037 1931 nec
1056 1896 1184 1931 extra
1202 1891 1414 1943 deputan-

112 1954 187 1988 tur
224 1949 371 2000 spatia
402 1948 615 1987 noctium.
678 1947 901 1995 Quoniam
934 1959 1042 2000 ergo
1078 1946 1174 1986 dies
1209 1946 1415 1997 expletur

113 2008 240 2044 motu
263 2003 374 2043 solis
398 2008 531 2055 atque
556 2003 747 2042 circuitu
766 2002 819 2041 ab
839 2003 1014 2042 oriente
1034 2014 1173 2055 usque
1194 2002 1249 2041 ad
1269 2002 1414 2040 orien-

112 2064 220 2109 tem,
240 2070 425 2113 quaero,
444 2062 592 2097 utrum
609 2062 757 2097 motus
776 2058 873 2109 ipse
892 2058 951 2098 sit
970 2058 1081 2108 dies,
1101 2070 1156 2096 an
1172 2068 1300 2096 mora
1316 2056 1415 2109 ipsa

115 2124 282 2167 quanta
312 2115 563 2167 peragitur,
597 2127 652 2152 an
682 2117 935 2166 utrumque,
996 2113 1043 2154 Si
1076 2114 1192 2153 enim
1223 2112 1414 2163 primum

115 2171 211 2212 dies
231 2175 366 2220 esset,
385 2169 480 2209 dies
501 2181 609 2223 ergo
630 2173 764 2218 esset,
786 2170 922 2209 etiam
940 2170 977 2210 si
995 2173 1119 2209 tanto
1140 2168 1286 2221 spatio
1305 2172 1413 2206 tem·
