1473 2443
89 127 142 167 95
408 125 686 167 AURELII
714 126 1090 170 AUGUSTINI

172 211 218 251 C.
243 210 341 251 XII.
403 210 684 252 Prohibebat
713 224 784 253 me
818 225 926 253 sane
950 213 1139 267 Alypius
1175 212 1229 253 ab
1263 226 1403 254 uxore

87 267 312 316 ducenda,
340 279 531 307 causans
555 268 679 307 nullo
706 269 842 309 modo
867 281 951 309 nos
970 281 1107 322 posse
1126 281 1288 309 securo
1310 270 1403 309 otio

86 322 222 362 simul
239 323 284 361 in
303 334 457 362 amore
477 324 729 375 sapientiae
748 325 922 375 vivere,
950 326 1069 366 sicut
1086 326 1174 365 iam
1195 325 1271 365 diu
1290 325 1405 366 desi-

89 379 373 428 deraremus,
399 378 437 419 si
461 379 509 418 id
535 379 763 421 fecissem.
821 380 933 420 Erat
957 382 1076 421 enim
1100 381 1198 434 ipse
1222 381 1269 421 in
1288 394 1341 421 ea
1357 394 1406 421 re

89 435 224 473 etiam
244 439 350 473 tunc
370 435 652 475 castissimus
666 466 677 486 ,
704 436 771 476 ita
786 441 836 476 ut
853 437 1015 477 mirum
1037 443 1181 488 esset3
1216 438 1322 491 quia
1339 438 1405 477 vel

88 490 419 542 experientiam
439 491 708 532 concubi-tus
728 498 946 541 coeperat
961 493 1007 533 in
1023 494 1236 547 ingressu
1255 493 1406 533 adole-

88 546 290 585 scentiae
315 558 446 596 suae,
474 547 555 586 sed
580 559 671 587 non
697 545 911 589 haeserat
925 549 1163 603 magisque
1183 548 1407 599 doluerat,

89 607 135 641 et
159 608 415 654 spreverat3
451 608 496 641 et
515 603 678 643 deinde
693 604 781 643 iam
801 604 1193 645 continentissime
1211 605 1407 645 vivebat.

87 657 187 711 Ego
209 662 359 697 autem
374 659 646 699 resistebam
663 659 734 699 illi
744 660 964 713 exemplis
977 672 1148 711 eorum,
1162 661 1238 715 qui
1254 661 1408 700 coniu-

88 713 185 766 gati
204 713 456 753 coluissent
476 715 743 766 sapientiam
759 745 769 763 ‚
805 721 850 755 et
866 717 1230 768 promeruissent
1245 716 1407 765 Deum,

89 774 135 808 et
153 767 419 809 habuissent
437 770 648 820 fideliter,
670 784 722 810 ac
741 771 1011 812 dilexissent
1028 772 1214 812 amicos.
1246 773 1281 811 A
1300 785 1409 825 quo-

87 837 186 864 rum
212 837 297 878 ego
327 825 508 878 quidem
534 827 790 879 granditate
813 828 951 867 animi
969 828 1105 881 longe
1130 828 1331 878 aberam,
1365 834 1409 867 et

88 880 315 933 deligatus
330 881 489 922 morbo
510 883 658 921 carnis
677 882 916 922 mortifera
933 885 1157 923 suavitate
1174 882 1408 924 trahebam

87 942 295 975 catenam
314 949 457 976 meam
470 968 480 987 ,
511 938 628 977 solvi
647 939 832 989 timens,
862 946 908 979 et
926 940 1056 992 quasi
1074 952 1298 980 concusso
1317 940 1410 979 vul-

86 1003 195 1031 nere
221 992 448 1044 repellens
475 994 615 1033 verba
634 994 750 1034 bene
777 995 1034 1045 suadentis,
1067 1001 1295 1049 tamquam
1320 1008 1410 1035 ma-

86 1061 192 1087 num
226 1048 464 1089 solventis.
524 1049 714 1101 Insuper
747 1051 884 1096 etiam
908 1063 990 1104 per
1015 1064 1085 1091 me
1113 1052 1201 1104 ipsi
1229 1063 1408 1104 quoqu(¹

84 1104 250 1155 Alypio
272 1104 545 1157 loquebatur
560 1117 746 1157 serpens
760 1137 770 1155 ,
792 1112 837 1146 et
851 1106 1114 1147 innectebat
1132 1112 1267 1161 atque
1288 1119 1409 1159 spar-

87 1160 224 1211 gebat
248 1172 329 1212 per
351 1160 554 1213 linguam
582 1173 727 1200 meam
756 1161 913 1202 dulces
932 1163 1123 1215 laqueos
1141 1163 1187 1202 in
1204 1164 1278 1202 via
1297 1163 1407 1209 eius,

89 1215 251 1266 quibus
285 1216 350 1255 illi
377 1214 558 1256 honesti
587 1223 632 1256 et
657 1218 854 1270 expediti
883 1218 1022 1271 pedes
1050 1218 1406 1271 implicarentur.

89 1272 197 1309 llum
220 1272 336 1310 enim
355 1284 426 1311 me
446 1272 525 1311 ille
544 1273 809 1323 miraretur,
836 1286 967 1326 quem
988 1287 1077 1314 non
1095 1275 1224 1327 parvi
1242 1275 1405 1327 pende·

86 1332 172 1375 ret,
192 1327 256 1366 ita
275 1325 464 1377 haerere
484 1328 609 1368 visco
627 1329 753 1369 illius
773 1330 1035 1384 voluptatis,
1052 1335 1101 1369 ut
1113 1342 1184 1369 me
1204 1331 1408 1369 adfirma-

85 1383 581 1437 rem‚quotiescumque
595 1384 700 1424 inde
719 1385 839 1425 inter
857 1398 940 1425 nos
957 1397 1294 1439 quaereremus,
1307 1398 1407 1425 coe-

85 1438 224 1477 libem
251 1439 389 1478 vitam
413 1440 538 1479 nullo
564 1440 702 1480 modo
721 1453 857 1494 posse
878 1441 1062 1495 degere,
1094 1447 1229 1495 atque
1254 1442 1319 1481 ita
1337 1454 1406 1481 mc

86 1493 380 1534 defenderem
396 1525 406 1545 ,
438 1509 535 1536 cum
563 1496 691 1536 illum
716 1497 952 1537 mirantem
971 1497 1195 1547 viderem,
1220 1503 1270 1537 ut
1288 1498 1407 1537 dice-

84 1562 178 1589 rem
193 1581 202 1599 ,
228 1550 418 1590 multum
441 1552 667 1593 interesse
688 1553 806 1592 inter
823 1553 958 1603 illud,
986 1553 1108 1607 quod
1124 1554 1223 1606 ipse
1240 1554 1403 1605 raptim

86 1611 132 1644 et
155 1605 308 1645 furtim
339 1613 553 1660 expertus
584 1614 728 1658 esset,
754 1609 876 1661 quod
902 1621 1046 1662 paene
1070 1609 1158 1648 iam
1180 1621 1234 1648 ne
1252 1610 1403 1648 memi-

82 1661 227 1701 nisset
254 1663 458 1715 q-uidem,
484 1670 619 1716 atque
646 1664 751 1704 ideo
772 1664 896 1703 nulla
913 1664 1128 1704 molestia
1144 1663 1281 1703 facile
1301 1676 1405 1704 con-

82 1722 330 1766 temneret,
366 1724 411 1758 et
438 1719 770 1759 delectationes
798 1719 1143 1759 consuetudinis
1169 1731 1318 1769 meae,
1349 1720 1402 1759 ad

83 1785 194 1825 quas
220 1774 255 1812 si
278 1774 552 1814 accessisset
571 1773 810 1814 honestum
828 1787 994 1814 nomen
1010 1776 1401 1825 matrimonii,non

83 1840 184 1873 euni
209 1829 365 1868 mirari
390 1836 626 1882 oportere,
653 1843 732 1870 cur
758 1842 843 1883 ego
870 1830 993 1870 illam
1016 1832 1150 1870 vitam
1169 1832 1401 1884 nequirem

82 1896 318 1936 spernere:
347 1890 564 1937 coeperat
582 1886 741 1938 etipse
761 1886 1024 1926 desiderare
1044 1888 1401 1941 coniugium,ne-

81 1952 302 1993 quaquam
327 1941 473 1980 victus
500 1941 689 1981 libidine
709 1941 813 1982 talis
832 1942 1096 1995 voluptatis,
1114 1944 1191 1983 sed
1213 1943 1402 1982 curiosi-

79 1996 204 2035 tatis.
265 1996 461 2036 Dicebat
481 1997 597 2037 enim
611 2028 620 2046 ,
642 1998 759 2037 scire
780 2010 827 2036 se
848 2011 1028 2050 cupere,
1049 1999 1260 2052 quidnam
1280 2005 1403 2038 esset

79 2051 216 2100 illud,
245 2052 341 2091 sine
368 2064 455 2105 quo
475 2054 569 2092 vita
586 2065 707 2102 mea,
735 2066 848 2106 quae
874 2054 940 2093 illi
969 2055 1035 2094 sic
1052 2054 1282 2106 placebat,
1310 2067 1398 2093 non

81 2106 189 2146 mihi
211 2108 318 2157 vita,
339 2108 418 2148 sed
438 2119 586 2160 poena
602 2109 848 2149 videretur.
911 2109 1131 2163 Stupebat
1147 2110 1264 2149 enim
1284 2110 1401 2149 liber

81 2163 136 2202 ab
155 2163 236 2203 illo
255 2164 435 2204 vinculo
455 2165 630 2205 animus
649 2166 915 2205 servitutem
933 2178 1093 2216 meam,
1114 2171 1159 2204 et
1175 2165 1397 2218 stupendo

81 2220 178 2259 ibat
205 2220 249 2259 in
278 2221 540 2274 experiendi
561 2221 838 2274 cupidinem,
865 2218 1142 2263 i⁷e11turusin
1162 2222 1305 2275 ipsam
1326 2233 1397 2262 ex-
