1473 2443
135 100 213 141 160
461 96 729 139 AURELII
757 96 1119 139 AUGUSTINI

133 188 380 239 tegeretur.
443 183 633 231 Quando
658 187 807 222 autem
829 183 919 222 ista
939 183 1135 222 inanitas
1161 179 1443 233 plenitudine

132 241 352 282 bonitatis
384 244 491 279 tuae
516 243 731 292 coeperat
749 238 796 278 in
820 239 916 278 eius
941 238 1077 278 corde
1100 249 1191 276 non
1214 247 1335 285 esse,
1370 247 1444 274 ne-

134 297 347 345 sciebam,
364 299 409 335 et
419 294 625 335 laetabar
641 294 881 343 admirans,
895 294 1015 346 quod
1034 294 1099 334 sic
1116 290 1227 333 mihi
1245 291 1443 344 aperuis-

134 357 222 403 set3
256 363 525 405 quamquam
557 356 603 390 et
632 350 678 389 in
707 349 789 389 illo
824 361 1032 389 sermone
1062 353 1219 388 nostro
1244 347 1301 387 ad
1322 346 1445 386 fene-

134 414 292 457 stram,
327 420 426 446 cum
457 407 589 447 dixit:
622 407 742 456 „iam
764 405 870 459 quid
893 403 965 444 hic
987 404 1170 444 faci03‘⁴
1201 415 1291 442 non
1314 402 1446 455 adpa-

133 466 225 504 ruit
244 463 505 503 desiderare
524 463 569 501 in
585 462 734 515 patria
748 461 880 500 mori.
938 460 1100 500 Audivi
1120 460 1254 499 etiam
1272 463 1447 512 postea,

136 519 258 573 quod
273 520 362 559 iam
381 531 480 558 cum
494 518 635 558 Ostiis
655 529 872 565 essemus,
888 528 988 555 cum
1007 515 1272 568 quibusdam
1290 513 1447 553 amicis

134 578 248 615 meis
279 579 483 614 materna
514 573 681 614 fiducia
708 571 1055 624 colloquebatur
1077 570 1271 624 quodam
1297 569 1368 609 die
1394 568 1449 608 de

137 635 368 671 contemtu
399 630 519 669 vitae
553 628 684 669 huius
711 633 755 667 et
776 629 897 668 bono
921 627 1103 674 mortis,
1136 626 1213 666 ubi
1236 627 1335 677 ipse
1358 637 1449 663 non

136 687 336 727 aderam:
355 686 537 738 illisque
559 684 844 738 stupentibus
862 683 1073 722 virtutem
1090 681 1301 730 feminae,
1317 692 1449 733 quam

134 749 185 783 tu
198 742 388 782 dederas
406 743 462 790 ei,
478 740 890 794 quaerentibusque
906 743 1054 778 utrum
1072 749 1163 777 non
1182 735 1451 776 formidaret

135 805 226 839 tam
258 798 395 851 longe
420 810 446 836 a
470 809 552 837 sua
574 796 758 836 civitate
783 807 945 848 corpus
968 793 1245 846 relinquere:
1278 789 1449 842 ‚,Nihil,

135 855 304 908 inquit,
338 854 475 906 longe
501 857 571 892 est
589 851 712 900 Deo,
746 863 891 904 neque
914 849 1160 890 timendum
1186 853 1273 897 est,
1297 859 1352 886 ne
1370 846 1449 886 ille

136 922 228 949 non
261 914 482 962 agnoscat
512 909 558 947 in
582 908 669 947 fine
694 907 886 956 saeculi,
918 905 1037 945 unde
1060 916 1131 944 me
1154 902 1451 943 resuscitet.“

136 964 260 1018 Ergo
287 966 358 1004 die
382 976 502 1004 nono
528 963 828 1017 aegritudinis
853 973 982 1010 suae,
1009 959 1383 1013 quinquagesimo
1408 963 1454 997 et

138 1026 269 1061 sexto
304 1032 419 1060 anno
444 1020 607 1059 aetatis
631 1030 760 1067 suae,
796 1018 1032 1071 trigesimo
1058 1021 1103 1056 et
1125 1018 1263 1055 tertio
1289 1013 1453 1053 aetatis

136 1088 283 1126 meae,
303 1077 451 1115 anima
466 1075 547 1114 illa
563 1075 786 1127 religiosa
804 1078 849 1113 et
866 1074 941 1126 pia
959 1083 1151 1124 corpore
1172 1071 1324 1111 soluta
1342 1075 1424 1109 est.

224 1132 271 1172 C.
296 1131 394 1171 XII.
454 1130 719 1170 Premebam
747 1129 904 1168 oculos
929 1128 1046 1177 eius,
1072 1132 1118 1166 et
1135 1125 1393 1167 confluebat
1408 1126 1455 1163 in

139 1188 409 1242 praecordia
438 1198 539 1226 mea
569 1184 849 1225 moestitudo
874 1184 1056 1236 ingens,
1091 1187 1136 1221 et
1157 1180 1456 1222 transfluebat

141 1245 187 1283 in
210 1243 440 1290 lacrimas,
464 1241 722 1294 ibidemque
748 1240 868 1280 oculi
889 1241 979 1279 mei
1000 1238 1202 1277 violento
1223 1237 1361 1276 animi
1375 1237 1453 1276 im-

140 1300 268 1353 perio
293 1298 594 1338 resorbebant
615 1296 789 1337 fontem
807 1308 935 1336 suum
952 1305 1094 1347 usque
1114 1293 1171 1333 ad
1188 1294 1455 1340 siccitatem,

143 1360 189 1395 et
212 1355 256 1395 in
273 1354 354 1394 tali
372 1353 614 1394 luctamine
633 1352 763 1392 valde
781 1351 898 1391 male
915 1348 1026 1390 mihi
1045 1353 1155 1389 erat.
1214 1349 1330 1388 Tum
1347 1359 1454 1387 vero

141 1412 221 1451 ubi
245 1409 412 1450 efflavit
438 1415 690 1450 extremum
713 1408 942 1462 spiritum,
966 1417 1078 1460 puer
1098 1403 1360 1444 Adeodatus
1385 1414 1457 1442 ex-

145 1467 357 1507 clamavit
380 1465 426 1505 in
449 1465 697 1519 planctum,
723 1469 857 1517 atque
883 1464 938 1503 ab
958 1461 1163 1501 omnibus
1181 1459 1313 1499 nobis
1333 1461 1457 1499 coe'r-

145 1523 261 1562 citus
284 1521 441 1561 tacuit.
502 1520 605 1560 Hoc
625 1519 761 1560 modo
788 1519 924 1559 etiam
946 1529 1094 1557 meum
1119 1515 1330 1569 quiddam
1351 1525 1456 1566 pue·

144 1578 250 1627 rile,
285 1578 407 1631 quod
439 1577 679 1617 labebatur
701 1576 749 1615 in
772 1573 926 1624 fletus,
960 1572 1147 1613 iuvenili
1168 1582 1281 1611 voce
1305 1570 1456 1610 cordis

144 1633 443 1673 coercebatur
461 1637 507 1671 et
522 1631 718 1672 tacebat.
776 1629 934 1683 Neque
954 1629 1072 1668 enim
1090 1627 1251 1666 decere
1269 1625 1455 1665 arbitra-

142 1690 315 1738 bamur,
328 1688 461 1728 funus
473 1688 589 1727 illud
603 1687 837 1740 questibus
849 1683 1105 1724 lacrimosis
1124 1681 1455 1735 gemitibusque

147 1744 400 1792 celebrare,
427 1745 531 1796 quia
554 1742 622 1781 his
645 1743 907 1794 plerumque
932 1739 1052 1779 solet
1075 1737 1305 1791 deplorari
1324 1748 1455 1789 quae-

147 1799 247 1838 dam
279 1800 465 1839 miseria
493 1798 803 1845 morientium,
836 1799 915 1835 aut
945 1794 1075 1848 quasi
1102 1793 1360 1834 omnimoda
1383 1803 1457 1831 ex-

147 1855 348 1894 stinctio.
407 1856 463 1894 At
479 1854 560 1893 illa
576 1865 660 1892 nec
677 1853 842 1892 misere
860 1851 1154 1899 moriebatur,
1172 1860 1257 1888 nec
1275 1847 1455 1887 omnino

146 1910 438 1950 moriebatur.
497 1909 600 1949 Hoc
619 1913 664 1947 et
682 1906 964 1947 documentis
982 1917 1155 1945 morum
1175 1904 1286 1952 eius,
1307 1907 1352 1942 et
1368 1901 1455 1941 fide

142 1977 234 2005 non
248 1966 367 2014 ficta,
379 1964 722 2015 rationibusque
742 1962 878 2002 certis
896 1962 1175 2001 tenebamus.
1209 1958 1327 2007 Quid
1345 1969 1454 2010 ergo

146 2026 262 2070 erat,
288 2021 410 2074 quod
432 2021 553 2060 intus
577 2018 687 2059 mihi
710 2019 910 2071 graviter
933 2016 1137 2065 dolebat,
1159 2016 1248 2057 nisi
1271 2025 1327 2053 ex
1351 2025 1456 2053 con-

146 2078 384 2116 suetudine
419 2075 552 2116 simul
574 2074 756 2114 vivendi
779 2073 1040 2114 dulcissima
1063 2076 1108 2111 et
1129 2069 1363 2110 carissima
1386 2080 1455 2107 re-

145 2138 279 2185 pente
318 2132 522 2185 disrupta
557 2131 717 2170 vulnus
753 2128 939 2169 recensit
970 2126 1239 2167 Gratulabar
1276 2124 1455 2178 quidem

145 2188 411 2229 testimonio
437 2189 555 2237 eius,
582 2185 705 2240 quod
724 2185 771 2225 in
795 2197 849 2225 ea
870 2185 971 2237 ipsa
991 2183 1149 2224 ultima
1171 2179 1454 2233 aegritudine
