1473 2443
140 110 193 150 58
468 109 745 151 AURELII
773 111 1142 154 AUGUSTlNl

141 201 187 235 et
216 195 313 236 ibat
343 195 519 235 animus
541 207 669 236 meus
698 207 780 250 per
800 195 970 237 formas
996 209 1263 250 corporeas3
1297 200 1343 236 et
1366 196 1461 250 pul-

139 251 311 301 chrum,
324 251 446 304 quod
463 263 545 305 per
563 263 611 291 se
629 251 791 304 ipsum,
812 256 963 305 aptum
982 257 1146 303 autem,
1167 253 1288 306 quod
1307 252 1362 292 ad
1380 253 1459 292 ali-

136 308 245 360 quid
259 307 654 347 adcommodatum
666 307 864 358 deceret,
877 308 1146 348 definiebam
1158 314 1202 348 et
1211 309 1460 361 distingue-

138 364 260 413 bam,
280 368 325 402 et
344 363 564 417 exemplis
584 364 819 416 corporeis
838 364 1142 404 adstruebam.
1175 365 1233 404 Et
1252 365 1454 404 converti

138 432 208 458 me
221 419 277 458 ad
294 419 433 458 animi
446 423 673 470 naturam3
692 423 738 459 et
751 432 842 459 non
857 432 929 459 me
949 420 1128 460 sinebat
1146 419 1264 460 falsa
1283 419 1455 472 opinio,

137 488 269 528 quam
295 474 349 514 de
376 474 657 528 spiritalibus
684 473 925 526 habebam,
954 488 1111 516 'verum
1136 487 1338 516 cernere.
1399 475 1457 514 Et

135 530 340 570 irruebat
363 531 410 570 in
435 530 593 571 oculos
611 531 713 583 ipsa
729 531 797 571 vis
816 532 933 583 veri3
973 536 1020 571 et
1037 532 1297 572 avertebam
1314 530 1454 584 palpi-

133 591 306 626 tantem
337 591 535 626 mentem
569 586 624 625 ab
655 587 931 640 incorporea
952 599 1002 627 re
1028 587 1083 626 ad
1109 588 1384 628 lineamenta
1411 593 1456 626 et

135 642 317 682 colores
337 648 383 682 et
397 646 623 682 tumentes
640 643 994 696 magnitudines.
1052 643 1111 683 Et
1129 644 1234 696 quia
1250 655 1339 682 non
1357 648 1455 695 pot-

135 711 259 738 eram
293 710 347 737 ea
379 698 534 737 videre
569 698 615 737 in
648 698 819 747 animo,
851 698 1062 751 putabam
1095 711 1167 738 me
1197 711 1288 738 non
1317 710 1452 751 posse

134 754 289 793 videre
309 754 505 794 animum
521 765 685 793 meum.
719 754 891 793 Etcum
908 754 955 793 in
971 754 1145 795 virtute
1158 766 1315 807 pacem
1335 766 1452 793 ama-

133 821 244 859 rem,
263 810 306 848 in
326 810 581 849 vitiositate
601 814 751 849 autem
770 809 969 849 odissem
989 809 1282 850 discordiam:
1308 810 1355 849 in
1372 810 1453 849 illa

133 866 368 915 unitatem,
388 866 435 904 in
451 866 541 904 ista
559 865 799 917 quamdam
818 865 1090 905 divisionem
1110 866 1336 906 notabam.
1384 865 1451 904 ln-

135 933 220 974 que
240 921 320 960 illa
337 921 511 960 unitate
529 933 656 961 mens
674 921 914 961 rationalis
936 926 981 960 et
998 927 1160 962 natura
1175 921 1381 961 veritatis
1401 933 1452 960 ac

134 977 296 1016 summi
312 977 421 1016 boni
438 976 549 1016 mihi
568 989 668 1017 esse
687 976 945 1027 videbatur3
969 977 1016 1017 in
1033 978 1123 1017 ista
1139 989 1248 1017 vero
1269 976 1454 1017 divisio·

133 1044 190 1072 ne
215 1033 496 1073 irrationalis
520 1033 640 1072 vitae
666 1033 822 1072 nescio
848 1044 981 1085 quam
998 1033 1297 1073 substantiam
1317 1037 1362 1072 et
1379 1045 1454 1071 na-

133 1094 280 1128 turam
299 1090 461 1129 summi
476 1089 604 1138 mali,
632 1101 746 1142 quae
765 1100 857 1128 non
875 1087 1023 1128 solum
1043 1093 1167 1128 esset
1184 1088 1453 1136 substantia,

134 1144 216 1184 sed
250 1145 433 1184 omnino
466 1145 560 1184 vita
592 1149 735 1194 esset,
770 1148 816 1183 et
846 1147 997 1184 tamen
1022 1144 1102 1185 abs
1126 1149 1171 1184 te
1200 1158 1291 1184 non
1316 1148 1453 1192 esset,

131 1199 258 1240 Deus
275 1212 426 1251 meus,
447 1212 503 1240 ex
524 1212 611 1256 quo
633 1204 738 1239 sunt
756 1200 927 1249 omnia,
946 1200 1085 1240 miser
1104 1199 1335 1252 opinabar.
1397 1199 1456 1238 Et

132 1261 285 1296 tamen
316 1256 443 1295 illam
474 1255 715 1296 monadem
748 1255 1057 1308 adpellabam,
1091 1260 1320 1308 tamquam
1356 1255 1453 1294 sine

132 1312 228 1351 ullo
256 1324 368 1352 sexu
389 1317 608 1361 mentem,
634 1309 750 1351 hanc
774 1323 883 1351 vero
905 1311 1121 1365 dyadem,
1146 1311 1261 1350 iram
1278 1312 1325 1349 in
1342 1309 1453 1349 faci-

132 1367 344 1417 noribus,
369 1367 605 1408 libidinem
629 1367 674 1407 in
700 1366 908 1420 flagitiis,
932 1367 1143 1407 nesciens
1167 1367 1275 1420 quid
1296 1366 1452 1419 loque-

132 1436 221 1463 rer.
267 1422 371 1464 Non
390 1424 508 1463 enim
526 1435 742 1463 noveram
761 1435 906 1475 neque
927 1423 1191 1473 didiceram,
1211 1434 1295 1462 nec
1310 1422 1451 1462 ullam

133 1480 433 1520 substantiam
449 1479 615 1519 malam
634 1491 751 1529 esse,
771 1490 855 1518 nec
873 1479 1018 1532 ipsam
1034 1483 1231 1519 mentem
1248 1482 1451 1518 nostram

134 1549 355 1575 summum
379 1541 514 1589 atque
538 1534 911 1575 incommutabile
937 1534 1121 1575 bonum.
1182 1533 1312 1575 Sicut
1332 1533 1452 1573 enim

133 1590 342 1631 facinora
358 1597 483 1638 sunt,
503 1591 542 1631 si
558 1591 751 1630 vitiosus
772 1595 840 1630 est
857 1591 934 1630 ille
954 1591 1091 1630 animi
1106 1594 1278 1639 motus,
1296 1589 1342 1628 in
1362 1601 1449 1641 quo

133 1652 204 1686 est
219 1648 430 1699 impetus,
451 1652 497 1686 et
514 1658 562 1685 se
579 1648 721 1686 iactat
736 1646 990 1686 insolenter
1008 1658 1060 1685 ac
1076 1645 1277 1695 turbide3
1312 1649 1357 1684 et
1373 1643 1450 1683 fla-

132 1703 271 1756 gitia,
304 1703 345 1741 si
377 1707 447 1741 est
468 1702 771 1741 immoderata
793 1701 879 1740 illa
903 1701 1079 1740 animae
1104 1700 1330 1748 adfectio,
1363 1712 1452 1752 qua

133 1758 339 1798 carnales
365 1756 634 1797 hauriuntur
651 1756 931 1808 voluptates:
962 1757 1028 1796 ita
1047 1768 1225 1796 errores
1242 1760 1287 1795 et
1304 1754 1449 1795 falsae

133 1814 373 1866 opiniones
391 1814 528 1852 vitam
547 1812 876 1862 contaminant,
895 1812 934 1851 si
950 1811 1189 1851 rationalis
1207 1823 1334 1851 mens
1352 1812 1452 1864 ipsa

129 1870 302 1909 vitiosa
336 1874 425 1919 est,
457 1869 603 1922 qualis
634 1869 681 1907 in
711 1879 782 1907 me
815 1872 922 1907 tunc
947 1872 1046 1907 erat
1068 1868 1323 1917 nesciente,
1357 1867 1449 1906 alio

131 1926 299 1965 lumine
318 1925 443 1964 illam
460 1924 781 1965 illustrandam
799 1934 921 1973 esse,
941 1929 991 1963 ut
1006 1924 1067 1963 sit
1082 1924 1313 1976 particeps
1333 1922 1449 1961 veri-

131 1982 261 2030 tatis,
288 1982 394 2034 quia
419 1993 509 2020 non
534 1985 604 2020 est
620 1980 721 2033 ipsa
737 1982 899 2018 natura
916 1979 1143 2030 veritatis3
1179 1977 1383 2033 qnoniam
1402 1984 1447 2016 τιι

131 2036 393 2076 ι’ῖίιιηιὶηαὸὶε
419 2037 640 2075 lucernam
656 2047 816 2083 meam,
842 2032 1032 2075 Domine
1049 2032 1169 2074 Dens
1186 2046 1326 2082 meus,
1351 2032 1444 2072 illu-

132 2092 315 2132 minabis
340 2092 539 2132 tenebras
566 2103 682 2131 meas
708 2090 802 2142 (Ps.
825 2090 889 2140 18,
911 2090 1027 2141 29.);
1058 2096 1102 2129 et
1118 2088 1448 2143 deplenitudine

132 2156 208 2188 tna
234 2162 310 2188 7108
337 2161 480 2188 omnes
504 2146 759 2200 accepimus.
823 2145 943 2195 (loli.
972 2148 1009 2196 l,
1036 2145 1121 2196 16.)
1180 2145 1241 2185 Es
1262 2146 1379 2184 enim
1397 2149 1447 2184 tu

130 2205 282 2245 lumen
314 2216 491 2255 verum,
522 2204 643 2257 quod
670 2203 897 2243 illuminat
930 2214 1107 2242 omnem
1129 2199 1356 2242 hominem
1374 2211 1447 2240 ve·
