1473 2443
69 110 146 149 124
385 107 657 150 AURELII
683 108 1044 152 AUGUSTINI

64 193 147 242 vit,
173 191 295 246 quod
315 204 406 232 non
427 192 589 233 silebo.
648 192 803 234 Habet
824 195 942 235 enim
963 205 1171 248 magnam
1194 194 1371 236 laudem

62 249 238 304 gratiae
270 253 377 288 tuae
407 249 710 290 confitendam
738 251 844 300 tibi,
879 250 1254 304 quemadmodum
1291 251 1369 290 ille

60 303 356 345 doctissimus
389 316 549 355 senex,
584 310 630 345 et
648 306 845 346 omnium
867 306 1124 348 liberalium
1148 306 1371 346 doctrina-

57 372 157 399 rum
181 359 505 412 peritissimus,
539 361 700 414 quippe
723 360 1101 415 philosophorum
1121 366 1213 402 tam
1234 363 1374 402 multa

56 415 238 468 legerat
252 419 298 454 et
311 415 643 456 diiudicaverat
660 415 727 470 [et
741 416 1109 471 dilucidaverat],
1125 417 1288 457 doctor
1306 426 1373 457 tot

56 471 279 511 nobilium
302 476 585 522 senatorum,
611 474 686 525 qui
709 473 845 512 etiam
870 473 926 513 ob
949 474 1129 527 insigne
1148 474 1370 526 praeclari

56 526 335 579 magisterii,
361 528 482 581 quod
507 528 628 568 cives
648 527 778 568 huius
796 529 951 568 mundi
970 530 1181 570 eximium
1200 534 1372 582 putant,

57 587 254 622 statuam
266 583 312 622 in
326 583 528 623 Romano
544 582 645 623 foro
659 589 887 624 meruerat
902 589 947 624 et
960 590 1214 637 acceperat,
1230 596 1372 637 usque

57 638 113 678 ad
138 638 265 678 illam
289 643 486 679 aetatem
509 644 753 679 venerator
773 640 1022 689 idolorum,
1047 652 1368 692 sacrorumque

57 694 386 746 sacrilegorum
402 695 650 747 particeps,
676 695 836 747 quibus
854 700 961 735 tunc
977 700 1077 735 tota
1093 694 1189 735 fere
1207 696 1366 735 Roma-

54 762 113 788 na
134 749 351 789 nobilitas
371 749 527 790 inflata
543 750 794 803 inspirabat
809 752 977 804 populo
996 753 1085 792 iam
1103 756 1148 790 et
1168 752 1365 803 omnige-

55 807 159 845 nfim
178 805 310 844 deum
326 810 547 855 monstra,
569 811 614 845 et
630 806 831 846 Anubem
848 806 1134 856 latratorem,
1154 818 1268 859 quae
1289 806 1366 844 ali-

55 860 234 913 quando
275 865 434 900 eontra
469 860 725 914 Neptunum
758 866 804 901 et
834 861 1078 911 Venerem,
1118 866 1364 914 contraque

53 916 306 955 Minervam
320 917 413 956 tela
424 921 679 966 tenuerant,
697 922 740 956 et
755 930 781 956 a
799 930 846 957 se
861 918 994 957 victis
1008 918 1094 957 iam
1110 918 1253 957 Roma
1266 930 1347 970 sup

53 971 275 1025 plicabat,
310 985 423 1025 quae
457 973 544 1012 iste
571 985 712 1012 senex
732 972 996 1013 Victorinus
1020 978 1091 1013 tot
1114 985 1255 1013 annos
1286 984 1365 1012 ore

51 1028 304 1081 terricrepo
340 1027 714 1078 defensitaverat,
748 1041 838 1068 non
857 1029 1089 1068 erubuerit
1122 1040 1223 1069 esse
1254 1040 1367 1081 puer

54 1081 223 1122 Christi
241 1083 326 1133 tui,
352 1088 397 1123 et
413 1083 561 1123 infans
579 1082 720 1123 fontis
738 1084 825 1133 tui,
845 1083 1051 1124 subiecto
1073 1084 1193 1123 collo
1214 1085 1271 1124 ad
1288 1082 1364 1123 hu-

52 1139 258 1179 militatis
283 1139 457 1192 iugum,
484 1144 529 1179 et
552 1139 753 1179 edomita
773 1138 926 1179 fronte
952 1140 1008 1179 ad
1032 1140 1178 1179 crucis
1204 1151 1363 1193 oppro-

50 1194 211 1234 brium.
275 1194 311 1234 Ο
330 1194 540 1245 Domine,
554 1194 764 1246 Domine,
785 1196 862 1249 qui
878 1195 1109 1235 inclinasti
1127 1195 1298 1243 coelos,
1320 1203 1365 1234 et

53 1250 347 1300 descendisti,
360 1251 555 1304 tetigisti
568 1257 761 1300 montes,
773 1256 818 1290 et
829 1251 1181 1304 fumigaverunt3
1202 1250 1362 1303 quibus

51 1306 199 1345 modis
233 1311 277 1345 te
309 1307 552 1346 insinuasti
577 1306 647 1345 illi
667 1306 869 1360 pectori‘ss
899 1306 1126 1360 Legebat,
1160 1307 1278 1347 sicut
1301 1306 1365 1345 ait

53 1360 393 1414 Simplicianus,
427 1368 628 1402 sanctam
653 1363 944 1415 scripturam,
971 1374 1216 1415 omnesque
1240 1360 1348 1401 Chri

51 1418 222 1457 stianas
241 1418 399 1457 literas
418 1418 724 1470 investigabat
741 1418 1078 1458 studiosissime
1099 1423 1143 1457 et
1160 1430 1347 1471 perscru

50 1473 249 1524 tabatur3
271 1479 316 1513 et
329 1473 510 1514 dicebat
525 1473 816 1527 Simpliciano
831 1486 921 1514 non
938 1473 1101 1526 palam,
1117 1474 1198 1513 sed
1217 1485 1345 1513 secre

49 1529 141 1568 tius
175 1538 220 1568 et
252 1528 539 1569 familiarius:
573 1530 785 1579 „noveris
817 1542 888 1570 me
911 1530 1001 1569 iam
1023 1542 1123 1569 esse
1148 1527 1362 1568 Christia-

50 1587 202 1624 num.“
240 1585 297 1624 Et
314 1585 623 1637 respondebat
639 1585 736 1625 ille:
770 1597 891 1634 „non
911 1585 1106 1633 credam,
1125 1597 1208 1623 nec
1227 1585 1360 1636 depu-

49 1641 157 1679 tabo
182 1645 228 1680 te
251 1641 370 1680 inter
393 1639 699 1690 Christianos,
728 1641 815 1680 nisi
839 1641 884 1680 in
908 1641 1107 1680 ecclesia
1130 1638 1299 1679 Christi
1314 1644 1359 1679 te

49 1695 258 1735 videro.“
300 1696 380 1735 Ille
399 1700 548 1736 autem
566 1696 788 1735 irridebat
805 1696 979 1736 dicens:
1000 1707 1142 1748 „ergo
1161 1695 1359 1748 parietes

50 1750 224 1790 faciunt
248 1749 591 1791 Christianos‘ffl
621 1751 680 1790 Et
702 1749 790 1790 hoc
813 1763 948 1804 saepe
974 1750 1172 1800 dicebat,
1197 1750 1287 1790 iam
1311 1763 1359 1790 se

50 1818 151 1846 esse
167 1805 489 1855 Christianum
510 1811 554 1846 et
570 1805 885 1860 Simplicianus
900 1805 1013 1845 illud
1026 1818 1160 1859 saepe
1174 1817 1358 1858 respon-

50 1862 205 1911 debat,
232 1866 277 1902 et
299 1874 434 1915 saepe
460 1862 513 1901 ab
536 1862 618 1901 illo
640 1862 864 1914 parietum
880 1862 1033 1901 irrisio
1053 1861 1356 1914 repetebatur.

48 1918 227 1957 Amicos
262 1918 380 1956 enim
412 1930 519 1957 suos
550 1917 845 1956 reverebatur
878 1915 1112 1957 offendere
1137 1916 1356 1970 superbos

48 1973 408 2021 daemonicolas,
443 1985 630 2025 quorum
661 1984 719 2013 ex
742 1972 934 2012 culmine
957 1972 1268 2025 Babylonicae
1293 1972 1354 2011 di.-

47 2030 250 2082 gnitatis‚
267 2030 397 2081 quasi
410 2040 466 2068 ex
484 2029 632 2068 cedris
650 2027 829 2078 Libani,
845 2041 954 2081 quas
972 2028 1171 2068 nondum
1189 2027 1354 2066 contri-

49 2091 176 2127 verat
196 2084 437 2133 Dominus,
472 2084 672 2137 graviter
701 2084 898 2124 ruituras
931 2084 977 2123 in
1009 2095 1058 2123 se
1090 2082 1353 2122 inimicitias

47 2141 365 2183 arbitrabatur.
421 2139 511 2180 Sed
528 2146 690 2192 postea
709 2152 840 2192 quam
859 2139 1053 2192 legendo
1075 2143 1120 2177 et
1135 2136 1351 2177 inhiando

46 2195 197 2238 hausit
223 2196 500 2244 firmitatem,
523 2195 762 2249 timuitque
780 2197 936 2249 negari
957 2207 984 2235 a·
1001 2192 1180 2234 Christo
1201 2205 1352 2233 coram
