1514 2438
300 92 829 136 CONFESSIONUM
859 92 1062 133 LIBER
1090 92 1199 133 XII.
1328 92 1410 132 243

93 187 218 223 certe
237 180 541 230 formabilem,
559 179 678 219 unde
697 178 827 218 fieret
847 178 1022 218 coelum
1044 182 1089 218 et
1105 182 1242 227 terra,
1261 177 1306 217 id
1328 183 1411 226 est,

91 238 334 278 invisibilis
359 242 494 289 atque
520 235 717 276 visibilis
742 235 831 274 iam
857 240 1047 287 utraque
1070 234 1267 274 formata
1290 245 1412 273 crea-

90 299 212 343 tura,
233 292 302 333 his
321 292 577 332 nominibus
601 291 900 340 enuntiatam,
922 290 1082 344 quibus
1102 289 1410 344 adpellaretur

88 355 214 390 terra
245 349 489 389 invisibilis
528 354 573 387 et
604 346 930 400 incomposita,
967 351 1011 386 et
1034 346 1247 386 tenebrae
1273 356 1408 399 super

92 406 327 459 abyssum3
361 417 415 445 ea
437 404 754 452 distinctione,
788 407 838 442 ut
859 407 984 442 terra
1004 402 1246 442 invisibilis
1274 405 1319 440 et
1341 401 1406 440 in-

90 461 348 514 composita
368 461 654 514 intelligatur
670 460 886 499 materies
906 458 1160 511 corporalis
1179 462 1281 497 ante
1301 469 1407 509 qua-

89 518 266 558 litatem
283 516 473 567 formae,
488 516 704 556 tenebrae
724 519 875 555 autem
893 527 1030 568 super
1048 515 1262 568 abyssum
1280 513 1409 566 spiri-

88 574 194 614 talis
209 575 422 614 materies
442 578 544 612 ante
565 570 891 612 cohibitionem
910 571 1037 624 quasi
1055 570 1236 611 fluentis
1254 570 1411 609 immo-

92 630 344 670 derationis
383 634 430 669 et
466 634 569 668 ante
607 628 989 668 illuminationem
1022 625 1298 680 sapientiaeit
1327 625 1412 665 Est

89 685 236 726 adhuc
255 685 377 740 quod
396 685 530 734 dicat,
552 685 590 724 si
609 685 707 737 quis
727 682 849 722 aliud
866 683 996 722 velit:
1016 696 1106 722 non
1125 682 1303 722 scilicet
1319 682 1409 721 iam

88 741 318 797 perfectas
345 746 478 794 atque
503 739 722 780 formatas
746 739 1000 779 invisibiles
1018 739 1313 791 visibilesque
1332 750 1407 777 na-

89 803 215 838 turas
235 798 352 838 coeli
374 803 420 837 et
437 802 585 837 terrae
604 795 786 835 nomine
805 795 1074 849 significari,
1102 808 1200 835 cum
1217 794 1407 848 legitur}

88 854 135 894 in
164 853 384 907 principio
398 852 519 908 fecit
536 851 657 892 Dens
683 852 846 891 coelum
871 858 914 891 et
935 857 1128 902 terram5
1160 851 1241 891 sed
1265 852 1409 904 ipsam

91 909 239 950 adhuc
270 910 512 951 informem
544 907 884 948 inchoationem
915 920 1087 958 rerum,
1122 906 1411 948 formabilem

92 966 428 1019 creabilemque
460 965 695 1005 materiam
728 962 798 1004 his
831 964 1087 1004 nominibus
1119 963 1410 1016 adpellatam,

92 1022 213 1076 quod
235 1023 281 1062 in
306 1034 360 1061 ea
381 1022 470 1061 iam
490 1025 644 1061 essent
660 1021 750 1060 ista
768 1019 978 1070 confusa,
1002 1019 1201 1060 nondum
1220 1018 1412 1072 qualita-

90 1078 211 1118 tibus
229 1077 479 1131 formisque
500 1077 728 1126 distincta,
749 1088 862 1130 quae
880 1077 1103 1116 nunciam
1121 1076 1302 1130 digesta
1319 1075 1414 1114 suis

93 1134 329 1174 ordinibus
362 1139 581 1174 ‘vocantur
613 1132 792 1173 coelum
824 1137 870 1172 et
885 1137 1029 1183 terra,
1062 1132 1145 1172 illa
1176 1131 1413 1186 spiritalis,

94 1189 206 1230 haec
225 1190 480 1242 corporalis
502 1194 726 1230 creatura.

177 1246 226 1287 C.
251 1245 413 1287 XVIII.
476 1245 650 1295 Quibus
677 1244 884 1285 omnibus
902 1244 1070 1285 auditis
1091 1249 1137 1284 et
1155 1244 1413 1284 considera-

92 1302 176 1352 tis,
202 1302 309 1342 nolo
336 1302 487 1342 verbis
514 1300 812 1351 contendere3
847 1300 903 1340 ad
928 1299 1043 1340 nihil
1062 1302 1179 1340 enim
1197 1299 1309 1339 utile
1330 1304 1414 1348 est,

95 1359 185 1398 nisi
202 1358 258 1397 ad
279 1358 624 1397 subversionem
643 1356 938 1396 audientium.
959 1357 1002 1405 (2
1022 1356 1137 1396 Tim.
1156 1357 1196 1406 2,
1217 1356 1303 1405 14.)
1345 1355 1412 1395 Ad

96 1414 463 1453 aedificationem
479 1418 629 1452 autem
643 1413 764 1452 bona
780 1417 850 1451 est
864 1411 953 1461 lex,
969 1412 1007 1451 si
1021 1413 1120 1466 quis
1137 1424 1191 1451 ea
1207 1411 1412 1465 legitime

96 1474 269 1519 utatur;
303 1471 408 1521 quia
435 1469 535 1508 finis
562 1469 659 1508 eius
688 1473 757 1507 est
783 1468 947 1508 caritas
974 1467 1027 1508 de
1048 1468 1185 1508 corde
1204 1479 1340 1521 puro,
1369 1472 1416 1507 et

102 1526 381 1567 conscientia
397 1525 538 1574 bona,
558 1530 604 1564 et
622 1524 708 1564 fide
728 1536 817 1563 non
839 1523 956 1563 ficta.
979 1526 1019 1575 (l
1040 1524 1155 1564 Tim.
1182 1525 1218 1574 l,
1238 1523 1298 1574 5.)
1357 1523 1417 1563 Et

99 1582 225 1621 novit
246 1582 465 1635 magister
488 1585 666 1630 noster,
699 1581 745 1619 in
770 1579 930 1633 quibus
955 1580 1130 1620 duobus
1157 1580 1414 1634 praeceptis

96 1643 241 1678 totam
268 1638 417 1691 legem
439 1635 776 1690 prophetasque
797 1636 1098 1690 suspenderit.
1160 1636 1286 1685 Quae
1303 1634 1416 1676 mihi

99 1694 313 1734 ardenter
347 1693 605 1744 confitenti,
643 1692 768 1732 Deus
798 1704 947 1739 meus,
987 1693 1139 1732 lumen
1176 1692 1415 1732 oculorum

96 1761 301 1789 meorum
323 1750 369 1789 in
394 1749 595 1799 occulto,
623 1748 730 1803 quid
748 1746 859 1788 mihi
877 1749 1029 1798 obest,
1055 1761 1155 1789 cum
1174 1748 1354 1789 diversa
1368 1750 1416 1788 in

99 1804 170 1844 his
201 1806 351 1845 verbis
383 1805 583 1859 intelligi
612 1805 811 1858 possint,
847 1817 962 1857 quae
994 1812 1146 1845 tamen
1176 1817 1286 1845 vera
1310 1810 1415 1854 snit,

102 1860 224 1915 quid,
241 1862 439 1913 inquam,
457 1860 569 1900 mihi
587 1861 733 1910 obest,
753 1861 791 1901 si
810 1861 934 1900 aliud
954 1873 1040 1915 ego
1060 1873 1263 1911 sensero,
1283 1872 1415 1914 quam

102 1917 246 1957 sensit
270 1917 407 1966 alius,
434 1929 535 1956 eum
553 1917 773 1966 sensisse,
801 1918 877 1970 qui
894 1917 1102 1970 scripsit}
1134 1917 1300 1957 Omnes
1320 1915 1414 1969 qui-

102 1973 202 2013 dem
231 1974 307 2026 qui
332 1972 549 2025 legimus,
573 1973 757 2013 nitimur
779 1971 867 2013 hoc
891 1973 1110 2027 indagare
1135 1978 1269 2027 atque
1295 1983 1413 2011 com-

100 2027 402 2082 prehendere,
430 2027 551 2080 quod
567 2029 712 2068 voluit
726 2030 829 2078 ille,
856 2042 987 2082 quem
1005 2030 1218 2083 legimus;
1252 2033 1296 2068 et
1314 2039 1415 2067 cum

103 2097 204 2124 eum
221 2084 471 2124 veridicum
491 2084 731 2134 credimus,
751 2084 878 2134 nihil,
899 2086 1019 2138 quod
1038 2085 1201 2125 falsum
1221 2095 1321 2123 esse
1340 2082 1413 2122 vel

101 2141 307 2180 novimus
320 2141 394 2180 vel
410 2144 630 2193 putamus,
646 2141 861 2181 audemus
882 2154 981 2181 eum
1002 2142 1260 2181 existimare
1280 2140 1415 2179 dixis-

102 2207 165 2236 se.
224 2195 344 2237 Dum
362 2208 471 2250 ergo
495 2196 683 2250 quisque
703 2202 893 2237 conatur
910 2197 955 2237 id
976 2198 1143 2237 sentire.
1161 2197 1207 2236 in
1225 2196 1414 2248 scriptu-

994 2252 1033 2297 Q
1050 2254 1071 2290 2
