1514 2438
345 113 889 158 CONFESSIONUM
928 117 1125 158 Llss.1.
1376 118 1399 156 ³)

153 202 197 240 C.
217 200 295 241 lx.
354 199 629 250 Deus,Deus
648 215 790 252 meus,
803 215 912 256 quas
930 202 995 242 ibi
1011 201 1220 242 miserias
1241 214 1399 255 exper-

71 264 140 297 tus
168 270 265 297 sum
291 262 336 296 et
360 257 722 308 ludificationes,
750 258 1118 312 quandoquidem
1140 263 1267 298 recte
1285 257 1398 298 mihi

70 315 221 353 vivere
248 325 389 366 puero
415 313 463 353 id
488 314 850 366 proponebatur,
881 315 1196 368 obtemperare
1214 327 1399 355 monen-

72 369 205 419 tibus,
220 369 330 410 utin
348 368 435 409 hoc
450 369 635 409 saeculo
652 369 862 410 florerem
876 376 921 411 et
934 371 1210 411 excellerem
1222 371 1403 424 linguo-

72 426 135 465 sis
168 425 340 465 artibus
367 425 424 465 ad
450 423 671 465 honorem
695 425 947 477 hominum,
982 432 1028 467 et
1048 426 1192 467 falsas
1217 427 1402 467 divitias

71 480 416 521 famulantibus!
476 481 585 521 lnde
605 483 652 522 in
671 481 875 522 scholam
897 483 1028 523 datus
1049 496 1168 533 sum,
1186 488 1238 524 ut
1257 483 1402 524 disce-

70 550 165 577 rem
182 537 356 587 literas,
372 537 419 576 in
438 537 599 591 quibus
620 539 729 592 quid
749 539 958 579 utilitatis
980 545 1105 579 esset
1131 539 1402 593 ignorabam

70 594 229 644 miser,
251 599 297 634 et
313 599 480 644 tamen,
501 594 540 633 si
558 595 711 649 segnis
730 595 779 634 in
797 595 1015 635 discendo
1036 607 1199 645 essem,
1218 595 1402 648 vapula-

69 649 186 690 bam.
245 649 544 690 Laudabatur
576 652 695 691 enim
728 649 816 691 hoc
848 663 874 690 a
895 651 1168 700 maioribus,
1204 657 1249 692 et
1270 652 1404 691 multi

72 711 175 745 ante
194 719 276 746 nos
295 706 435 746 vitam
448 707 585 746 istam
619 712 830 761 agentes,
863 713 1241 760 praestruxerant
1273 720 1401 748 aeru-

73 774 252 802 mnosas
264 762 376 812 vias,
387 774 470 815 per
480 775 590 816 quas
604 764 799 804 transire
812 775 864 803 co
870 763 1400 818 gebamurmultiplicato

70 818 228 858 labore
252 823 298 858 et
315 818 476 859 dolore
496 819 602 859 filiis
620 820 775 860 Adam.
836 819 1093 861 Invenimus
1113 825 1286 870 autem,
1309 820 1402 860 Do-

70 874 206 924 mine,
226 873 433 915 homines
452 880 670 929 rogantes
691 881 757 928 te3
786 881 832 917 et
851 876 1092 917 didicimus
1114 877 1169 916 ab
1189 877 1277 926 eis,
1302 890 1402 917 sen-

72 930 236 970 tientes
270 937 314 970 te
339 936 389 970 ut
413 937 677 984 poteramus
707 945 809 973 esse
833 945 1048 986 magnum
1073 933 1291 986 aliquem3
1326 933 1403 987 qui

71 998 251 1038 posses,
287 987 423 1026 etiam
447 1001 538 1027 non
562 988 785 1041 adparens
811 989 1020 1030 sensibus
1047 990 1239 1039 nostris,
1267 1003 1401 1030 exau-

71 1042 166 1080 dire
191 1055 273 1081 nos
290 1048 335 1082 et
353 1043 594 1084 subvenire
614 1045 762 1086 nobis.
821 1044 936 1086 Nam
954 1059 1066 1099 puer
1085 1047 1223 1096 coepi
1236 1058 1402 1100 rogare

69 1105 113 1136 te
141 1099 357 1138 auxilium
378 1104 423 1139 et
438 1099 668 1153 refugium
684 1114 854 1154 meum3
882 1109 925 1142 et
945 1104 990 1142 in
1008 1110 1132 1143 tuam
1149 1104 1401 1143 invocatio-

68 1165 171 1193 nem
193 1155 457 1208 rumpebam
481 1157 628 1197 nodos
652 1158 837 1213 linguae
864 1172 1018 1210 meae3
1055 1165 1100 1199 et
1117 1159 1337 1213 rogabam
1355 1167 1401 1198 te

68 1222 232 1263 parvus
263 1224 355 1251 non
379 1225 520 1265 parvo
547 1212 740 1264 affectu,
766 1228 822 1255 ne
845 1216 891 1255 in
936 1214 1097 1255 schola
1121 1216 1399 1268 vapularem.

71 1266 125 1305 Et
157 1279 258 1306 cum
279 1279 351 1307 me
377 1281 468 1309 non
493 1270 793 1323 exaudiebas,
829 1272 950 1325 quod
975 1284 1066 1311 non
1090 1281 1190 1311 erat
1215 1272 1271 1311 ad
1293 1273 1401 1311 insi-

66 1323 285 1375 pientiam
324 1323 456 1375 mihi,
497 1326 765 1367 ridebantur
798 1341 823 1367 a
854 1329 1106 1368 maioribus
1140 1327 1401 1367 hominibus

66 1391 210 1431 usque
245 1379 299 1419 ab
332 1381 446 1433 ipsis
480 1383 767 1434 parentibus,
803 1385 879 1436 qui
911 1383 1023 1423 mihi
1056 1384 1267 1423 accidere
1292 1384 1401 1423 mali

67 1433 180 1473 nihil
204 1435 442 1487 volebant,
468 1438 632 1491 plagae
656 1451 807 1489 meae,
832 1452 1045 1493 magnum
1062 1445 1170 1479 tunc
1199 1448 1244 1479 et
1262 1453 1400 1496 grave

66 1490 232 1530 malum
247 1503 410 1533 meum.
442 1493 582 1533 Estne
599 1495 850 1548 quisquam,
867 1495 1078 1545 Domine,
1099 1504 1191 1535 tam
1209 1509 1400 1551 magnus

67 1546 242 1587 animus
266 1550 542 1603 praegrandi
566 1549 735 1591 affectu
761 1552 843 1591 tibi
871 1551 1149 1592 cohaerens.l
1182 1558 1310 1593 estne
1335 1555 1382 1593 in

68 1615 201 1656 quam
239 1604 504 1659 quisquam‘}
542 1606 692 1656 (Facit
731 1609 850 1647 enim
884 1606 970 1647 hoc
1006 1608 1229 1662 quaedam
1263 1611 1402 1650 etiam

67 1659 334 1711 stoliditas).
394 1661 479 1701 Est
497 1674 608 1716 ergo
621 1693 632 1713 ,
659 1664 734 1716 qui
752 1664 837 1703 tibi
855 1665 928 1717 pie
949 1664 1241 1706 cohaerendo
1260 1667 1328 1707 ita
1342 1667 1402 1705 sit

66 1713 258 1755 affectus
277 1717 524 1770 granditer,
544 1724 594 1759 ut
612 1720 798 1760 eculeos
819 1726 865 1760 et
880 1722 1075 1774 ungulas
1095 1728 1230 1775 atque
1246 1721 1399 1763 huius-

66 1771 247 1812 cemodi
275 1774 404 1813 varia
427 1779 677 1826 tormenta,
708 1788 790 1829 pro
820 1777 981 1829 quibus
1011 1776 1288 1832 effugiendis
1314 1778 1400 1818 tibi.

62 1839 143 1879 per
169 1829 404 1870 universas
426 1834 574 1871 terras
604 1844 705 1872 cum
728 1833 894 1873 timore
913 1846 1080 1888 magno
1100 1836 1398 1888 supplicatur,

62 1884 129 1922 ita
141 1884 270 1935 parvi
287 1886 513 1937 aestimet,
531 1887 744 1929 deridens
760 1901 856 1939 eos,
873 1891 949 1943 qui
967 1889 1081 1931 haec
1101 1892 1397 1932 acerbissime

62 1938 336 1992 formidant,
371 1943 750 1995 quemadmodum
776 1951 991 1999 parentes
1015 1948 1163 1987 nostri
1186 1948 1399 1988 ridebant

63 2000 314 2047 tormenta,
351 1999 513 2051 quibus
553 2002 682 2053 pueri
723 2014 749 2041 a
784 2003 1019 2057 magistris
1059 2003 1399 2057 affligebamur}

64 2049 166 2091 Non
186 2054 305 2093 enim
322 2060 401 2094 aut
415 2055 562 2096 minus
584 2069 638 2097 ea
654 2059 991 2109 metuebamus,
1014 2065 1091 2100 aut
1107 2062 1255 2100 minus
1274 2065 1319 2100 te
1341 2058 1395 2098 de

68 2104 137 2146 his
164 2110 409 2151 evadendis
435 2111 811 2166 deprecabamur:
845 2122 890 2156 et
914 2116 1218 2169 peccabamus
1244 2122 1397 2156 tamen

66 2163 214 2205 minus
233 2167 475 2208 scribendo
489 2200 499 2219 ,
520 2174 597 2209 aut
614 2170 812 2224 legendo
826 2203 837 2222 ,
858 2178 936 2212 aut
951 2172 1199 2225 cogitando
1221 2172 1274 2210 de
1294 2172 1395 2211 lite-

65 2221 144 2270 ris,
164 2233 296 2274 quam
315 2224 585 2277 exigebatur
603 2238 628 2265 a
644 2227 793 2268 nobis.
851 2226 956 2270 Non
975 2228 1094 2268 enim
1114 2228 1285 2276 deerat,
1304 2227 1396 2266 Do-
