1514 2438
292 125 813 170 CONFESSIONUM
841 125 1043 166 LIBER
1071 124 1127 165 X.
1290 123 1366 164 199

48 215 273 270 propitius
307 214 389 254 fias
425 215 562 254 etiam
598 211 792 252 caeteris
819 211 1026 251 omnibus
1048 209 1366 263 iniquitatibus

47 271 184 321 meis,
207 276 252 310 et
272 282 404 310 sanes
426 281 581 309 omnes
601 269 847 322 languores
864 279 1007 317 meos,
1030 271 1076 306 et
1094 265 1291 306 redimas
1312 266 1366 306 de

49 328 342 380 corruptione
366 327 502 365 vitam
527 337 693 374 meam,
727 328 774 364 et
797 336 992 363 corones
1017 335 1087 362 me
1112 323 1158 361 in
1180 322 1367 362 misera-

46 384 173 424 tione
204 388 249 423 et
269 381 611 430 misericordia,
636 385 682 420 et
706 380 846 421 saties
871 380 916 418 in
934 379 1068 419 bonis
1089 378 1368 418 desiderium

46 452 214 490 meum,
266 439 342 492 qui
376 437 689 492 compressisti
723 449 749 475 a
785 436 949 475 timore
990 441 1068 474 tuo
1109 434 1369 488 superbiam

46 508 213 545 meam,
253 500 298 534 et
329 493 675 534 mansuefecisti
710 493 818 545 iugo
853 498 931 531 tuo
959 491 1182 530 cervicem
1204 503 1366 530 meam.

46 552 106 591 Et
129 563 247 591 nunc
268 556 402 603 porto
429 550 564 599 illud,
600 555 645 590 et
668 550 770 590 lene
799 552 869 587 est
893 546 1024 597 mihi,
1064 547 1277 600 quoniam
1303 546 1369 587 sic

45 608 298 662 promisisti
324 611 368 646 et
393 606 569 658 fecisti3
603 611 649 645 et
671 617 778 645 vere
798 605 864 644 sic
883 609 1002 653 erat,
1029 608 1075 643 et
1092 602 1368 653 nesciebam,

47 663 225 717 quando
245 662 293 703 id
310 663 461 703 subire
481 661 751 702 metuebam.
800 659 890 701 Sed
907 659 1137 712 numquid,
1156 658 1368 709 Domine,

46 720 123 774 qui
142 719 267 760 solus
290 720 387 759 sine
406 717 548 773 typho
571 717 838 766 dominaris,
857 717 962 770 quia
980 716 1105 755 solus
1124 727 1257 755 verus
1274 714 1367 755 Do-

43 777 192 817 minus
213 788 276 826 es,
292 777 366 829 qui
385 790 475 816 non
496 773 636 814 habes
658 774 903 822 dominum,
918 771 1135 825 numquid
1154 770 1241 811 hoc
1260 783 1368 825 quo-

46 844 132 886 que
151 832 335 872 tertium
355 831 623 872 tentationis
642 843 785 884 genus
806 829 1004 869 cessavit
1022 841 1047 868 a
1062 839 1156 877 me,
1177 833 1255 866 aut
1274 839 1368 867 ces-

45 901 147 929 sare
175 889 221 928 in
247 887 332 928 hac
349 894 449 928 tota
466 887 560 927 vita
576 891 750 940 potest:
782 885 934 926 timeri
953 890 998 924 et
1015 884 1156 924 amari
1174 883 1292 923 velle
1313 883 1368 923 ab

44 943 328 994 hominibus,
361 956 452 983 non
474 948 663 996 propter
685 942 833 991 aliud,
867 940 949 982 sed
972 945 1023 980 ut
1046 940 1151 980 inde
1177 940 1237 980 sit
1261 952 1367 993 gau-

47 1002 189 1051 dium,
215 1000 338 1054 quod
353 1012 443 1040 non
464 1006 533 1040 est
553 997 793 1052 gaudium?
822 998 995 1038 Misera
1011 998 1105 1036 vita
1124 1001 1194 1036 est
1212 1000 1257 1035 et
1272 995 1369 1035 foe·

47 1057 104 1098 da
120 1057 355 1097 iactantia.
414 1055 535 1095 Hinc
553 1056 603 1096 fit
620 1055 695 1095 vel
710 1055 904 1094 maxime
923 1065 1013 1092 non
1033 1064 1184 1093 amare
1202 1057 1264 1102 te,
1284 1064 1368 1091 nec

48 1119 173 1154 caste
192 1113 355 1153 timere
374 1118 434 1153 te.
494 1111 695 1166 Ideoque
714 1117 765 1151 tu
784 1110 992 1164 superbis
1010 1108 1206 1158 resistis,
1227 1106 1369 1148 humi-

43 1169 163 1209 libus
183 1174 334 1209 autem
353 1169 432 1209 das
452 1168 659 1222 gratiam,
681 1172 725 1207 et
740 1167 921 1207 intonas
940 1178 1077 1219 super
1096 1165 1369 1205 ambitiones

44 1226 232 1276 saeculi,
254 1231 299 1266 et
317 1229 605 1266 contremunt
621 1223 917 1264 fundamenta
934 1223 1171 1262 montium.
1209 1221 1368 1274 Itaque

44 1282 193 1332 nobis,
209 1282 424 1336 quoniam
441 1285 628 1335 propter
650 1280 872 1334 quaedam
891 1277 1111 1318 humanae
1131 1278 1368 1317 societatis

47 1339 197 1378 officia
208 1338 519 1377 necessarium
539 1343 609 1376 est
627 1336 768 1375 amari
788 1340 833 1375 et
848 1334 999 1374 timeri
1019 1333 1072 1373 ab
1094 1332 1369 1382 hominibus,

43 1394 187 1434 instat
205 1393 495 1432 adversarius
514 1404 650 1432 verae
670 1390 967 1431 beatitudinis
987 1394 1186 1437 nostrae,
1202 1388 1370 1441 ubique

46 1461 266 1503 spargens
284 1449 330 1488 in
348 1448 545 1502 laqueis:
581 1459 712 1501 euge,
734 1446 871 1500 euge!
904 1451 954 1485 ut
973 1445 1073 1485 dum
1093 1444 1224 1484 avide
1244 1444 1371 1485 colli-

47 1507 215 1559 gimus,
242 1506 424 1544 incaute
453 1504 702 1556 capiamur,
733 1508 778 1542 et
798 1516 823 1542 a
840 1503 1033 1542 veritate
1060 1506 1139 1540 tua
1157 1501 1370 1553 gaudium

46 1568 251 1602 nostrum
277 1561 578 1614 deponamus,
606 1565 739 1612 atque
763 1559 810 1598 in
833 1557 1065 1598 hominum
1089 1556 1275 1596 fallacia
1294 1568 1371 1609 po-

45 1630 225 1669 namus3
257 1617 489 1670 libeatque
524 1628 607 1655 nos
643 1615 784 1655 amari
822 1620 867 1655 et
890 1614 1045 1654 timeri
1068 1625 1158 1652 non
1185 1619 1373 1666 propter

43 1679 110 1724 te,
136 1674 218 1714 sed
236 1685 317 1726 pro
337 1680 402 1724 te3
436 1677 572 1725 atque
590 1672 680 1712 isto
699 1670 835 1711 modo
857 1671 925 1711 sui
945 1669 1117 1710 similes
1135 1667 1283 1709 factos
1303 1680 1371 1708 se-

47 1743 147 1769 cum
181 1729 368 1779 habeat,
404 1741 495 1768 non
527 1727 585 1767 ad
622 1727 916 1768 concordiam
942 1726 1170 1774 caritatis,
1206 1724 1288 1764 sed
1314 1724 1368 1763 ad

47 1787 328 1826 consortium
352 1784 585 1838 supplicii,
609 1784 685 1837 qui
704 1783 864 1823 statuit
881 1782 1034 1822 sedem
1055 1794 1181 1821 suam
1198 1791 1369 1834 ponere

44 1842 91 1881 in
125 1842 339 1894 aquilone
360 1841 464 1890 (les.
486 1841 680 1891 14,›14.)‚
701 1845 751 1879 ut
777 1844 822 1879 te
855 1850 1073 1891 perversa
1105 1842 1152 1877 et
1177 1837 1374 1877 distorta

47 1898 122 1937 via
143 1897 343 1937 imitanti
363 1895 571 1949 [imitati]
592 1895 829 1936 tenebrosi
852 1895 1102 1949 frigidique
1131 1893 1370 1933 servirent.

46 1952 142 1994 Nos
167 1958 340 2003 autem,
359 1952 576 2001 Domine,
600 1951 794 2005 pusillus
814 1964 926 2005 grex
943 1957 1047 1991 tuus
1068 1962 1175 1990 ecce
1195 1961 1369 1998 sumus3

45 2014 95 2048 tu
128 2021 211 2050 nos
244 2008 447 2064 posside.
508 2007 766 2048 Praetende
797 2007 891 2047 alas
915 2013 1036 2056 tuas,
1073 2011 1118 2046 et
1140 2005 1370 2058 fugiamus

49 2065 130 2104 sub
154 2078 245 2105 eas.
309 2064 471 2105 Gloria
488 2069 647 2104 nostra
662 2068 713 2103 tu
732 2069 853 2114 est03
885 2067 1072 2116 propter
1088 2066 1134 2102 te
1154 2071 1370 2108 amemur,

49 2125 95 2159 et
124 2120 312 2160 verbum
343 2126 469 2160 tuum
499 2121 714 2159 timeatur
742 2120 790 2159 in
811 2119 959 2159 nobis.
1022 2118 1119 2166 Qui
1155 2114 1372 2155 laudari

46 2176 165 2215 vult
211 2176 271 2216 ab
310 2175 614 2216 hominibus
655 2176 1003 2229 vituperante
1040 2179 1114 2221 te,
1155 2183 1255 2210 non
1290 2169 1369 2209 de-

49 2230 307 2273 fendetur
358 2231 419 2272 ab
468 2230 776 2271 hominibus
823 2230 1101 2271 iudicante
1141 2234 1215 2276 te,
1268 2240 1294 2265 n
1313 2237 1370 2266 ec
