1473 2443
116 121 196 162 156
433 124 708 165 AURELII
737 126 1102 169 AUGUSTINI

114 220 212 247 rum
230 207 467 260 proderet,
492 209 652 263 quibus
670 211 788 253 inter
805 223 854 252 se
875 217 920 252 et
936 226 1096 254 nurum
1111 225 1200 266 pax
1218 214 1431 255 domesti-

114 275 166 302 ca
185 263 466 313 turbabatur,
489 271 813 320 expeteretque
832 268 1089 310 vindictam.
1134 269 1289 323 Itaque
1306 278 1430 324 post-

116 332 170 359 ea
193 332 326 372 quam
355 320 433 360 ille
467 326 512 361 et
536 323 670 362 matri
689 324 1026 376 obtemperans,
1062 330 1107 365 et
1125 338 1286 366 curans
1304 326 1431 366 fami-

115 375 205 415 liae
238 375 542 429 disciplinam,
577 383 621 418 et
655 380 928 420 concordiae
961 393 1146 421 suorum
1172 383 1431 432 consulens,

114 431 319 483 proditas
343 433 399 472 ad
422 433 655 486 prodentis
677 434 911 476 arbitrium
927 436 1192 477 verberibus
1213 438 1432 487 coercuit,

113 487 324 539 promisit
355 488 454 538 illa,
488 489 601 529 talia
633 490 686 530 de
720 503 768 531 se
803 492 1004 545 praemia
1035 505 1218 546 sperare
1250 493 1433 542 debere,

115 555 424 598 quaecumque
460 545 514 585 de
547 558 629 585 sua
659 558 775 586 nuru
808 547 916 597 sibi,
952 560 1039 601 quo
1070 549 1294 601 placeret,
1327 549 1435 589 mali

114 599 288 652 aliquid
311 600 597 653 loqueretur3
629 601 842 655 nullaque
863 605 953 643 iam
970 603 1188 654 audente,
1212 617 1434 645 memora-

114 655 196 695 bili
220 655 340 695 inter
363 668 411 695 se
434 656 781 698 benevolentiae
806 660 1030 699 suavitate
1048 660 1271 700 vixerunt.
1330 660 1434 700 Hoc

119 723 296 764 quoque
330 712 400 751 illi
431 712 552 753 bono
584 714 811 767 mancipio
844 719 946 764 tuo,
979 715 1026 755 in
1058 717 1184 756 cuius
1207 721 1338 756 utero
1361 728 1432 756 me

118 767 299 817 creasti,
318 766 442 808 Deus
462 770 934 818 meus,misericordia
949 783 1064 821 mea,
1083 784 1243 811 munus
1262 771 1432 826 grande

117 823 389 873 donaveras,
424 825 547 877 quod
577 825 697 865 inter
730 826 1003 866 dissidentes
1036 832 1170 880 atque
1196 827 1432 868 discordes

117 878 344 931 quaslibet
361 881 547 930 animas,
567 881 645 922 ubi
661 887 856 934 poterat,
875 888 966 922 tam
983 895 1031 923 se
1049 883 1297 935 praebebat
1313 884 1433 936 paci-

116 935 268 984 ficam,
302 941 352 975 ut
378 948 479 976 cum
502 936 556 976 ab
582 942 772 990 utraque
796 938 936 978 multa
959 938 1013 979 de
1037 939 1233 980 invicem
1255 938 1434 980 audiret

116 991 410 1041 amarissima,
426 992 579 1045 qualia
593 993 714 1032 solet
733 998 941 1034 eructare
958 999 1147 1047 turgens
1167 999 1300 1048 atque
1318 994 1432 1034 indi-

114 1052 247 1099 gesta
265 1047 509 1097 discordia,
529 1048 708 1101 quando
728 1050 960 1102 praesenti
977 1051 1148 1091 amicae
1169 1050 1223 1090 de
1243 1051 1429 1091 absente

112 1102 297 1142 inimica
319 1114 399 1155 per
421 1103 552 1144 acida
576 1104 809 1157 colloquia
827 1105 1026 1145 cruditas
1047 1104 1287 1146 exhalatur
1305 1105 1431 1146 odio-

112 1170 232 1208 rum,
257 1156 371 1198 nihil
387 1164 539 1199 tamen
557 1159 691 1200 alteri
709 1160 764 1200 de
786 1160 931 1200 altera
948 1161 1184 1213 proderet,
1204 1162 1292 1202 nisi
1310 1161 1432 1214 quod

113 1214 170 1254 ad
204 1226 281 1255 eas
304 1215 667 1256 reconciliandas
690 1216 878 1257 valeret.
938 1216 1132 1257 Parvum
1155 1216 1242 1258 hoc
1263 1217 1431 1257 bonum

112 1268 223 1310 mihi
240 1270 486 1321 videretur,
501 1271 590 1311 nisi
605 1272 762 1313 turbas
775 1272 1130 1313 innumerabiles
1140 1273 1284 1313 tristis
1298 1285 1381 1325 exp
1389 1285 1431 1312 e·

111 1326 229 1365 rirer
250 1326 407 1367 nescio
432 1339 521 1380 qua
537 1325 764 1368 horrenda
780 1328 1044 1381 pestilentia
1059 1334 1352 1381 peccatorum
1369 1329 1431 1369 la·

112 1382 289 1422 tissime
313 1387 612 1436 pervagante,
636 1395 728 1423 non
745 1384 892 1424 solum
909 1385 1129 1425 iratorum
1145 1384 1431 1425 inimicorum

113 1438 244 1478 iratis
261 1438 458 1479 inimicis
478 1439 601 1480 dicta
614 1440 831 1492 prodere,
850 1441 931 1482 sed
950 1440 1106 1490 etiam,
1127 1452 1241 1494 quae
1259 1452 1349 1480 non
1367 1440 1430 1480 di-

115 1498 189 1533 cta
206 1499 328 1544 sunt,
354 1494 541 1546 addere3
576 1508 676 1536 cum
694 1500 853 1536 contra
870 1494 1043 1537 homini
1060 1495 1253 1536 humano
1274 1508 1431 1549 parum

115 1561 216 1590 esse
250 1549 415 1590 debeat
443 1551 707 1592 inimicitias
731 1550 961 1593 hominum
982 1564 1067 1592 nec
1090 1552 1312 1601 excitare,
1346 1563 1429 1591 nec

114 1617 282 1658 augere
316 1606 432 1646 male
465 1607 717 1661 loquendo,
749 1607 839 1648 nisi
870 1620 947 1648 eas
976 1608 1113 1648 etiam
1135 1606 1428 1660 exstinguere

111 1661 226 1701 bene
250 1661 480 1715 loquendo
505 1663 750 1712 studuerit,
775 1663 921 1716 qualis
944 1663 1026 1704 illa
1049 1667 1146 1702 erat
1170 1662 1364 1702 docente
1380 1666 1427 1702 te

111 1718 332 1769 magistro
357 1718 516 1758 intimo
540 1719 586 1758 in
608 1717 769 1759 schola
790 1720 1004 1772 pectoris.
1061 1717 1271 1770 Denique
1291 1718 1428 1758 etiam

111 1772 255 1811 virum
271 1786 401 1812 suum
414 1773 503 1813 iam
514 1774 560 1813 in
579 1778 781 1814 extrema
797 1773 890 1813 vita
905 1774 1149 1827 temporali
1168 1774 1264 1813 eius
1283 1774 1427 1814 lucra-

109 1832 159 1866 ta
182 1833 251 1867 est
275 1828 380 1877 tibi,
404 1840 487 1869 nec
508 1830 554 1869 in
574 1841 628 1869 eo
646 1831 735 1869 iam
752 1828 878 1869 fideli
895 1829 1089 1881 planxit,
1117 1829 1238 1883 quod
1254 1829 1301 1869 in
1318 1841 1426 1869 non-

113 1883 216 1923 dum
249 1882 375 1924 fideli
396 1884 687 1925 toleraverat.
746 1883 857 1924 Erat
880 1885 1016 1925 etiam
1039 1897 1170 1925 serva
1192 1895 1426 1925 servorum

108 1944 306 1979 tuorum.
359 1938 574 1992 Quisquis
594 1952 749 1980 eorum
766 1947 956 1981 noverat
974 1953 1087 1991 eam,
1105 1940 1292 1980 multum
1308 1940 1352 1978 in
1373 1951 1426 1978 ea

110 1993 327 2034 laudabat
345 2000 390 2035 et
408 1992 661 2035 honorabat
678 2001 724 2035 et
741 1995 963 2049 diligebat
978 2002 1044 2047 te;
1077 1996 1182 2050 quia
1199 1994 1426 2036 sentiebat

111 2050 416 2104 praesentiam
438 2056 561 2091 tuam
578 2051 624 2091 in
643 2050 780 2091 corde
800 2052 896 2092 eius
915 2056 1099 2093 sanctae
1117 2050 1424 2092 conversatio-

110 2106 181 2146 nis
204 2104 426 2147 fructibus
449 2106 656 2148 testibus.
714 2106 883 2148 Fuerat
907 2109 1025 2149 enim
1041 2107 1172 2147 unius
1191 2106 1277 2146 viri
1293 2117 1424 2154 uxor,

111 2166 311 2202 mutuam
330 2163 477 2203 vicem
497 2162 759 2217 parentibus
781 2164 1063 2212 reddiderat,
1094 2162 1276 2203 domum
1299 2173 1425 2201 suam

111 2218 185 2270 pie
204 2223 498 2270 tractaverat,
517 2219 563 2261 in
583 2219 794 2273 operibus
812 2219 944 2261 bonis
962 2218 1273 2261 testimonium
1290 2216 1423 2256 habe-
