1514 2438
291 102 816 146 CONFESSIONUM
844 103 1048 146 LIBER
1078 105 1159 145 IX.
1307 105 1383 147 161

62 188 297 244 obsequiis
311 190 425 230 meis
441 189 802 230 interblandiens
822 190 1082 244 adpellabat
1099 203 1169 230 me
1191 191 1329 244 pium,
1343 197 1387 230 et

62 245 450 287 commemorabat
464 246 626 299 grandi
645 246 907 286 dilectionis
925 245 1125 296 adfectu,
1145 259 1388 301 numquam

63 314 112 342 se
146 302 330 342 audisse
364 313 421 342 ex
453 313 532 341 ore
564 313 667 342 meo
700 302 950 342 iaculatum
980 304 1029 343 in
1052 314 1101 342 se
1127 302 1288 343 durum
1311 307 1389 343 aut

65 357 449 398 contumeliosum
474 369 649 399 sonum.
713 357 805 399 Sed
827 363 981 398 tamen
1006 358 1114 412 quid
1131 358 1245 409 tale,
1261 357 1388 398 Deus

62 426 213 464 meus,
239 415 315 468 qui
339 412 495 454 fecisti
510 426 617 464 nos,
643 415 751 467 quid
769 414 1075 468 comparabile
1096 413 1294 455 habebat
1311 413 1390 454 ho-

62 482 150 509 nor
173 482 199 509 a
214 481 285 509 me
305 469 483 509 delatus
503 469 593 520 illi,
619 478 664 510 et
681 471 879 510 servitus
898 471 953 511 ab
971 470 1053 510 illa
1069 469 1205 511 mihiss
1239 470 1391 520 Quon-

60 527 152 566 iam
185 527 339 579 itaque
365 526 612 566 deserebar
633 531 725 567 tam
746 539 913 579 magno
939 526 1038 567 eius
1062 527 1253 577 solatio,
1288 539 1387 567 sau-

66 581 272 621 ciabatur
289 583 439 621 anima
455 594 575 631 mea,
603 588 649 622 et
667 583 796 636 quasi
815 582 1122 623 dilaniabatur
1143 584 1253 633 vita,
1275 594 1390 636 quae

62 649 153 676 una
168 636 293 677 facta
306 643 405 677 erat
423 649 477 677 ex
494 650 596 678 mea
614 644 660 678 et
676 639 818 679 illius.
871 637 1087 679 Cohibito
1108 650 1218 693 ergo
1240 652 1267 679 a
1282 638 1396 679 fletu

61 692 145 732 illo
170 705 333 746 puero,
367 692 644 734 Psalterium
668 695 867 748 adripuit
888 694 1112 745 Evodius,
1136 701 1182 735 et
1207 700 1391 735 cantare

65 750 219 802 coepit
243 748 493 800 psalmum,
528 752 601 790 cui
623 750 1013 804 respondebamus
1039 751 1187 792 omnis
1212 751 1392 792 domus:

64 802 422 845 Misericordiam
446 812 489 846 et
504 805 713 846 iudicium
731 806 918 847 cantabo
937 806 1036 856 tibi,
1056 805 1260 847 Domine.
1295 806 1392 856 (Ps.

65 861 162 910 101,
184 862 243 912 1.)
301 861 470 901 Audito
505 868 656 902 autem
679 863 788 917 quid
813 868 1047 916 ageretur,
1083 868 1395 903 convenerunt

64 916 198 956 multi
219 916 389 957 fratres
412 930 466 957 ac
482 918 731 972 religiosae
748 918 969 970 feminae3
1002 924 1047 958 et
1065 919 1120 960 de
1138 931 1266 959 more
1285 919 1394 969 illis,

66 984 261 1025 quorum
280 974 477 1013 officium
496 980 608 1025 erat,
621 973 756 1015 funus
776 975 1056 1025 curantibus,
1077 987 1164 1029 ego
1184 975 1230 1015 in
1247 980 1395 1028 parte,

63 1028 145 1068 ubi
169 1028 386 1069 decenter
407 1034 634 1083 poteram,
660 1043 761 1071 cum
785 1033 850 1071 eis
877 1031 954 1085 qui
975 1043 1046 1071 me
1071 1044 1162 1071 non
1182 1031 1396 1071 deseren-

65 1084 171 1124 dum
186 1097 288 1125 esse
304 1086 566 1136 censebant,
580 1087 702 1140 quod
717 1093 816 1128 erat
828 1088 1022 1140 tempori
1035 1100 1289 1142 congruum
1307 1088 1396 1128 dis-

63 1141 300 1191 putabam,
336 1154 482 1195 eoque
519 1141 724 1183 fomento
766 1144 974 1184 veritatis
1001 1144 1268 1198 mitigabam
1297 1157 1395 1185 cru-

65 1196 235 1236 ciatum
266 1197 351 1237 tibi
382 1203 559 1248 notum,
592 1199 686 1239 illis
709 1199 1028 1253 ignorantibus
1055 1205 1101 1240 et
1120 1202 1296 1241 intente
1320 1213 1396 1240 au-

66 1251 318 1303 dientibus,
356 1259 401 1293 et
429 1255 526 1294 sine
551 1267 689 1295 sensu
714 1255 890 1296 doloris
913 1268 985 1296 me
1010 1268 1112 1296 esse
1136 1256 1396 1297 arbitranti-

62 1307 165 1347 bus.
225 1309 281 1349 At
299 1321 385 1362 ego
406 1310 453 1349 in
471 1310 656 1350 auribus
673 1312 779 1361 tuis,
799 1311 878 1351 ubi
896 1323 1054 1351 eorum
1070 1312 1221 1352 nullus
1242 1311 1396 1352 audie-

63 1362 164 1413 bat,
183 1365 476 1418 increpabam
492 1365 734 1406 mollitiem
751 1366 962 1406 adfectus
980 1368 1085 1416 mei,
1107 1372 1152 1407 et
1171 1367 1396 1408 constrin-

64 1419 230 1472 gebam
253 1419 423 1460 fluxum
439 1422 686 1471 moeroris,
715 1421 997 1474 cedebatque
1014 1421 1127 1463 mihi
1144 1423 1395 1475 paululum,

61 1487 314 1529 rursusque
328 1477 502 1529 impetu
514 1490 596 1517 suo
612 1476 847 1517 ferebatur
857 1490 947 1517 non
962 1490 1106 1532 usque
1119 1479 1175 1519 ad
1195 1479 1395 1532 eruptio-

62 1543 169 1571 nem
197 1532 501 1583 lacrimarum,
542 1545 628 1573 nec
656 1545 800 1587 usque
828 1533 885 1574 ad
897 1534 1049 1575 vultus
1073 1536 1394 1586 mutationem3

64 1587 149 1627 sed
182 1599 269 1641 ego
305 1588 529 1640 sciebam,
562 1589 671 1642 quid
706 1589 844 1630 corde
878 1601 1148 1642 premerem.
1206 1590 1267 1631 Et
1289 1593 1397 1645 quia

60 1641 175 1682 mihi
205 1642 503 1685 vehementer
534 1645 830 1698 displicebat,
863 1650 1039 1687 tantum
1070 1648 1117 1687 in
1149 1659 1222 1687 me
1253 1659 1394 1701 posse

60 1697 177 1739 hacc
190 1698 399 1750 humana,
414 1714 528 1754 quae
551 1701 710 1742 ordine
730 1701 885 1742 debito
906 1707 952 1742 et
969 1708 1094 1743 sorte
1113 1703 1394 1744 conditionis

61 1759 249 1795 nostrae
285 1757 498 1797 accidere
530 1769 721 1797 necesse
752 1762 842 1808 est,
877 1758 968 1799 alio
995 1758 1156 1799 dolore
1183 1759 1395 1799 dolebam

65 1810 276 1852 dolorem
289 1825 455 1862 meum,
476 1819 523 1854 et
540 1814 708 1867 duplici
727 1813 921 1855 tristitia
940 1815 1220 1855 macerabar.
1283 1815 1391 1855 Cum

66 1878 174 1906 ecce
194 1879 359 1921 corpus
380 1869 549 1909 elatum
569 1875 657 1919 est,
676 1870 814 1920 imus,
835 1869 1037 1910 redimus
1059 1871 1156 1911 sine
1175 1870 1391 1912 lacrimis,

60 1921 178 1963 Nam
200 1935 347 1977 neque
370 1926 417 1964 in
442 1925 508 1964 eis
531 1926 764 1978 precibus,
801 1939 910 1979 quas
934 1927 1019 1967 tibi
1039 1926 1258 1978 fudimus,
1293 1939 1394 1966 cum

65 1977 313 2020 offerretur
334 1992 417 2034 pro
443 1993 497 2020 ea
514 1981 789 2021 sacrificium
806 1982 944 2035 pretii
961 1984 1131 2033 nostri,
1157 1985 1249 2024 iam
1265 1983 1394 2022 iuxta

63 2036 322 2088 sepulcrum
346 2037 499 2089 posito
520 2037 762 2087 cadavere,
787 2038 1049 2092 priusquam
1068 2038 1391 2091 deponeretur,

64 2090 185 2130 sicut
202 2092 299 2132 illic
318 2092 419 2132 fieri
437 2092 571 2143 solet,
589 2105 674 2133 nec
690 2093 734 2132 in
755 2094 820 2133 eis
839 2094 1051 2147 precibus
1071 2107 1158 2148 ego
1177 2093 1298 2143 flevi,
1312 2093 1394 2132 sed

63 2151 165 2187 toto
191 2147 264 2187 die
288 2148 490 2202 graviter
505 2150 553 2188 in
578 2149 758 2189 occulto
785 2155 990 2190 moestus
1010 2162 1153 2198 eram,
1179 2155 1224 2189 et
1240 2154 1391 2188 mente

65 2202 250 2243 turbata
265 2205 485 2258 rogabam
500 2209 547 2244 te
565 2209 615 2244 ut
631 2210 853 2259 poteram,
871 2217 959 2259 quo
978 2218 1165 2246 sanares
1185 2205 1392 2245 dolorem

120 2267 339 2300 Ancus-r.
376 2266 616 2302 Coxrnss.
1009 2261 1049 2301 L
