1473 2443
138 123 218 164 252
456 122 724 164 AURELII
753 122 1122 164 AUGUSTINI

138 207 406 247 aedificatur
439 206 574 257 fides,
618 219 705 261 qua
737 211 908 248 certum
939 206 1137 247 habeant
1167 211 1215 247 et
1244 212 1443 258 teneant,
1468 208 1470 258 ἢ

133 263 280 303 Deum
300 262 469 303 fecisse
489 275 644 303 omnes
662 268 866 313 naturas,
888 276 997 317 quas
1017 275 1173 303 eorum
1192 275 1351 303 sensus
1369 265 1444 303 mi-
1468 293 1470 299 ,

132 319 270 359 rabili
301 319 521 359 varietate
555 319 880 372 circumspicit;
927 332 1117 372 quorum
1156 320 1195 359 si
1225 319 1445 372 quispiam

133 374 262 427 quasi
284 375 507 415 vilitatem
526 374 749 415 dictorum
773 375 1087 428 adspernatus,
1112 378 1242 414 extra
1258 375 1446 415 nutrito·
1468 409 1470 427 ς

130 433 223 470 rias
258 443 395 471 cunas
421 432 617 484 superba
637 430 951 471 imbecillitate
976 443 1024 471 se
1049 429 1326 480 extenderit,
1361 428 1446 471 heu
1469 438 1471 477 31

133 486 267 526 cadet
283 487 436 527 miser.
494 487 553 527 Et
568 486 763 526 Domine
781 486 927 536 Deus,
951 486 1193 536 miserere,
1216 498 1272 526 ne
1289 486 1447 539 implu-
1470 495 1473 524 ζ

128 554 247 581 mem
269 542 441 595 pullum
464 542 733 582 conculcent
758 544 834 595 qui
858 548 1096 582 transeunt
1112 543 1251 593 viam;
1286 547 1331 582 et
1346 542 1446 582 mit·
1469 532 1473 591 ἔ

129 604 175 637 te
200 598 410 651 angelum
435 604 577 649 tuum,
601 599 677 652 qui
702 610 804 639 euni
826 603 1019 652 reponat
1034 598 1081 637 in
1095 598 1224 647 nido,
1243 602 1294 638 ut
1310 598 1445 648 vivat,
1469 622 1472 647 5

132 653 278 694 donec
295 654 439 694 volet.
1470 661 1472 710 g

214 709 261 750 C.
286 709 492 750 XXVIII.
552 709 642 749 Alii
673 721 806 759 vero,
846 708 1007 762 quibus
1041 707 1154 748 haec
1184 708 1325 748 verba
1354 721 1445 749 non
1470 714 1471 741 1

128 767 219 804 iam
247 765 399 815 nidus,
423 765 504 805 sed
531 777 672 818 opaca
696 764 893 805 frutecta
912 770 1036 814 sunt,
1062 765 1217 804 vident
1232 765 1279 803 in
1299 764 1365 804 eis
1383 765 1445 804 la·
1470 761 1473 780 ²

128 825 279 860 tentes
297 820 488 871 fructus,
508 826 554 860 et
570 821 762 861 volitant
779 821 1018 869 laetantes,
1039 825 1083 859 et
1102 819 1306 873 garriunt
1323 832 1445 860 scru-
1472 844 1473 849 =

130 880 280 916 tantes
293 907 303 926 ‚
328 881 374 916 et
391 881 580 930 carpunt
595 888 690 917 eos.
748 876 918 916 Vident
937 876 1074 925 enim,
1099 889 1199 915 cum
1218 873 1329 915 haec
1346 887 1443 914 ver-

129 930 189 969 ba
213 931 371 985 legunt
392 933 466 973 vel
489 932 695 982 audiunt,
720 936 818 981 tua,
842 931 992 981 Deus,
1018 936 1205 971 aeterna
1227 935 1273 970 et
1290 930 1445 970 stabili

129 988 447 1038 permansione
476 993 637 1027 cuncta
653 987 901 1040 praeterita
919 992 963 1026 et
980 985 1134 1026 futura
1148 991 1358 1039 tempora
1373 999 1443 1026 su·
1472 987 1473 1026 ἒ

130 1042 301 1093 perari,
325 1055 410 1082 nec
433 1048 583 1082 tamen
603 1042 846 1095 quidquam
866 1054 966 1082 esse
984 1043 1249 1095 temporalis
1270 1047 1443 1082 creatu·
1472 1031 1473 1116 ἱ

125 1109 227 1147 rae,
262 1098 383 1150 quod
413 1103 463 1138 tu
484 1110 574 1137 non
596 1097 783 1137 feceris:
844 1098 971 1137 cuius
993 1098 1228 1148 voluntas,
1263 1099 1369 1150 quia
1398 1096 1445 1137 id
1472 1128 1473 1142 2

128 1159 217 1202 est,
237 1153 360 1206 quod
375 1158 446 1203 tu,
465 1152 590 1193 nullo
608 1153 745 1193 modo
764 1158 958 1202 mutata,
976 1153 1051 1192 vel
1069 1165 1183 1206 quae
1204 1158 1338 1193 antea
1353 1165 1443 1193 non

127 1206 294 1249 fuisset
327 1214 489 1249 exorta
511 1208 769 1258 voluntate,
802 1207 957 1249 fecisti
988 1209 1159 1258 omnia,
1199 1220 1290 1248 non
1318 1208 1374 1248 de
1397 1213 1442 1248 te
1472 1222 1473 1246 1

130 1264 474 1305 similitudinem
501 1269 624 1304 tuam
646 1263 839 1305 formam
863 1264 1080 1313 omnium,
1114 1263 1195 1304 sed
1219 1264 1274 1303 de
1297 1262 1441 1304 nihilo
1472 1266 1473 1269 ’

129 1320 546 1360 dissimilitudinem
570 1319 831 1370 informem,
857 1331 972 1372 quae
997 1319 1272 1360 formaretur
1286 1331 1369 1372 per
1386 1318 1443 1358 si-

126 1376 429 1416 militudinem
459 1381 601 1425 tuam,
635 1388 874 1415 recurrens
900 1375 947 1414 in
971 1380 1015 1415 te
1038 1388 1175 1415 unum
1200 1386 1282 1428 pro
1309 1380 1444 1427 captu

129 1432 363 1482 ordinato,
397 1436 612 1485 quantum
636 1433 798 1484 cuique
822 1442 974 1471 rerum
994 1432 1042 1471 in
1064 1443 1147 1471 suo
1172 1441 1342 1484 genere
1367 1431 1441 1471 da-

126 1493 222 1527 tum
245 1493 333 1539 est;
366 1492 411 1527 et
435 1487 596 1526 fierent
622 1487 772 1526 onmia
791 1486 913 1526 bona
932 1486 1084 1536 valde,
1113 1486 1209 1527 sive
1230 1490 1442 1526 maneant

128 1544 252 1584 circa
271 1548 338 1592 te,
364 1543 458 1583 sive
482 1542 706 1596 gradatim
727 1543 968 1583 remotiori
989 1542 1205 1582 distantia
1225 1553 1307 1594 per
1331 1546 1440 1581 tem-

125 1610 240 1651 pora
257 1604 302 1638 et
318 1598 448 1639 locos
466 1597 970 1650 pulchrasvariationes
989 1596 1159 1637 faciant
1176 1601 1253 1637 aut
1268 1598 1440 1650 patian-

126 1662 214 1693 tur.
274 1653 445 1694 Vident
464 1652 597 1703 haec,
623 1658 668 1693 et
690 1652 891 1707 gaudent
910 1654 954 1693 in
973 1653 1074 1692 luce
1092 1652 1297 1692 veritatis
1315 1656 1438 1703 tuae,

127 1709 391 1761 quantulum
408 1708 482 1748 hic
499 1709 665 1749 valent.
714 1708 773 1747 Et
790 1708 906 1748 alius
926 1719 1082 1748 eorum
1098 1707 1294 1747 intendit
1310 1708 1357 1747 in
1373 1707 1435 1757 id,

127 1764 250 1816 quod
272 1764 441 1804 dictum
468 1770 554 1804 est:
585 1763 632 1804 in
649 1762 868 1816 principio
880 1761 1003 1818 fec-it
1018 1760 1156 1811 Dezw,
1184 1768 1230 1802 et
1245 1764 1438 1815 respicit

125 1820 394 1873 sapientiam
423 1819 714 1872 principium,
748 1819 853 1871 quia
875 1822 921 1857 et
942 1817 1145 1870 loquitur
1165 1818 1266 1871 ipsa
1286 1817 1434 1859 nobis.
1472 1868 1473 1872 Ἰ

123 1874 249 1915 Alius
274 1875 433 1915 itidem
454 1874 650 1914 intendit
670 1875 716 1913 in
739 1873 896 1913 eadem
916 1873 1073 1923 verba,
1099 1878 1144 1913 et
1164 1873 1436 1927 principium

122 1930 343 1983 intelligit
360 1930 595 1970 exordium
612 1941 762 1969 rerum
780 1927 1086 1979 conditarum,
1105 1933 1151 1969 et
1167 1930 1234 1969 sic
1250 1929 1434 1982 accipit:
1472 1941 1473 1964 z

119 1984 166 2025 in
178 1984 400 2040 principio
408 1983 541 2040 fecit,
561 1997 613 2024 ac
630 1985 670 2024 si
687 1985 933 2024 diceretur:
964 1985 1108 2037 primo
1126 1983 1251 2025 fecit.
1286 1984 1432 2037 Atque
1472 2028 1473 2036 ἵ

118 2042 166 2081 in
185 2043 267 2091 eis,
287 2042 363 2095 qui
380 2040 662 2092 intelligunt:
693 2038 739 2079 in
748 2038 984 2092 principio,
1006 2039 1128 2093 quod
1144 2042 1189 2080 in
1208 2039 1432 2093 sapientia

117 2095 276 2138 fecisti
298 2096 475 2137 coelum
499 2100 544 2134 et
567 2100 754 2145 terram,
779 2094 894 2134 alius
915 2107 1070 2135 eorum
1086 2095 1231 2147 ipsum
1250 2094 1430 2134 coelum

120 2157 165 2192 et
180 2158 349 2193 terram
366 2150 608 2192 creabilem
621 2152 856 2190 materiam
875 2151 994 2191 coeli
1011 2155 1057 2191 et
1072 2155 1223 2190 terrae
1241 2150 1306 2190 sic
1327 2159 1428 2190 esse
1472 2190 1473 2205 χ

118 2209 263 2249 credit
281 2207 664 2263 cognominatam3
696 2206 813 2247 alius
830 2207 920 2247 iam
937 2206 1154 2248 formatas
1173 2205 1428 2247 distinctas·
1472 2209 1473 2262 }
