1514 2438
271 89 797 131 CONFESSIONUM
826 90 1030 132 LIBER
1059 92 1198 132 XIII.
1315 94 1396 133 257

70 174 117 215 la
138 175 303 215 merita
324 187 445 226 mea,
469 187 526 215 ne
550 175 832 216 retribueres
850 177 1057 218 manibus
1075 178 1212 227 meis,
1234 177 1283 217 in
1302 180 1396 232 qui-

70 231 155 271 bus
182 244 208 271 a
234 236 280 271 te
314 230 485 281 defeci,
521 237 566 271 et
596 232 877 285 praevenisti
909 234 1061 274 omnia
1090 234 1213 274 bona
1233 236 1398 275 merita

71 300 192 337 mea,
217 294 269 327 ut
287 288 568 328 retribueres
586 288 794 328 manibus
810 290 924 339 tuis,
949 290 1111 344 quibus
1130 302 1201 330 me
1219 289 1395 340 fecisti3

73 345 180 396 quia
212 349 258 383 et
289 344 413 397 prius
449 356 581 397 quam
607 356 774 394 essem,
808 350 858 385 tu
882 357 1004 395 eras,
1037 358 1124 386 nec
1147 358 1290 395 eram,
1325 349 1399 386 cui

69 405 351 452 praestares,
385 405 434 439 ut
460 412 623 441 essem.
683 401 740 440 Et
760 406 913 441 tamen
938 413 1044 442 ecce
1069 415 1166 442 sum
1191 414 1248 443 ex
1270 403 1398 443 boni-

70 460 164 494 tate
187 460 266 495 tua
282 457 605 509 praeveniente
623 461 772 496 totum
790 456 897 508 hoc,
922 458 1043 512 quod
1060 470 1131 498 me
1150 457 1324 509 fecisti,
1353 464 1399 498 et

71 511 189 551 unde
204 524 273 551 me
291 511 460 551 fecisti.
493 511 652 566 Neque
672 513 790 553 enim
810 516 978 567 eguisti
995 526 1082 564 me,
1103 519 1181 554 aut
1198 527 1284 569 ego
1303 515 1396 555 tale

74 566 241 607 bonum
259 581 377 618 sum,
400 580 488 621 quo
507 576 558 608 tu
576 568 827 619 adiuveris,
846 569 1042 611 Domine
1059 582 1188 610 meus
1208 577 1254 611 et
1270 570 1397 611 Deus

68 634 217 674 meus3
249 636 341 664 non
364 629 415 663 ut
434 625 518 663 tibi
544 627 610 665 sic
634 627 849 676 serviam,
884 627 1014 680 quasi
1037 638 1094 666 ne
1118 626 1328 681 fatigeris
1352 629 1400 667 in

74 678 280 732 agendo,
306 685 386 720 aut
407 692 463 719 ne
489 681 639 720 minor
665 682 724 721 sit
744 687 952 736 potestas
974 687 1056 722 tua
1081 695 1240 723 carens
1268 684 1399 724 obse-

72 735 178 787 quio
196 747 321 785 meo,
341 748 489 789 neque
510 742 559 776 ut
580 737 646 776 sic
664 742 709 777 te
729 738 897 789 colam,
917 740 1047 793 quasi
1063 744 1246 790 terram,
1266 745 1317 779 ut
1336 742 1398 780 sis

69 791 290 841 incultus,
316 793 355 831 si
378 804 470 832 non
492 797 539 832 te
566 792 732 845 colam3
766 794 847 834 sed
870 800 919 834 ut
941 796 1138 835 serviam
1156 795 1242 836 tibi
1260 801 1305 835 et
1324 808 1399 836 co-

71 845 163 886 lam
179 851 226 886 te
239 877 250 897 ,
268 852 320 887 ut
336 847 390 888 de
410 852 456 888 te
474 847 585 890 mihi
601 848 718 889 bene
738 852 811 900 sit,
835 863 861 890 a
880 864 967 904 quo
989 850 1100 892 mihi
1119 857 1209 901 est,
1229 857 1279 892 ut
1297 852 1397 901 sim,

71 904 146 942 cui
162 902 278 943 bene
297 905 369 944 sit.

157 958 205 999 C.
224 959 280 1000 ΙΙ.
338 960 407 1001 Ex
424 961 706 1014 plenitudine
727 963 890 1016 quippe
908 963 1130 1004 bonitatis
1147 968 1253 1004 tuae
1275 977 1398 1004 crea-

70 1018 174 1054 tura
196 1020 275 1054 tua
296 1015 528 1066 subsistit,
556 1022 603 1057 ut
620 1017 810 1066 bonum,
835 1019 957 1072 quod
975 1019 1060 1060 tibi
1076 1018 1191 1060 nihil
1208 1020 1397 1074 prodes-

70 1075 156 1120 set,
176 1083 262 1111 nec
283 1071 338 1112 de
356 1077 402 1113 te
421 1073 612 1126 aequale
631 1074 715 1113 tibi
733 1080 870 1124 esset,
891 1080 1042 1115 tamen
1061 1077 1167 1130 quia
1184 1089 1239 1117 ex
1256 1082 1301 1117 te
1321 1078 1397 1117 fie-

69 1128 110 1167 ri
128 1128 304 1180 potuit,
322 1141 415 1168 non
434 1129 631 1169 deesset.
694 1130 814 1179 Quid
833 1133 951 1171 enim
967 1137 1012 1172 te
1031 1133 1286 1185 promeruit
1304 1146 1396 1173 coe-

69 1183 157 1223 lum
181 1190 226 1223 et
247 1191 388 1234 terra,
416 1198 530 1239 quae
545 1185 706 1241 fecisti
730 1186 1041 1240 inprincipio?
1069 1187 1258 1238 Dicant,
1289 1189 1393 1242 quid

69 1243 114 1279 te
134 1247 484 1292 promeruerunt
494 1243 714 1295 spiritalis
733 1244 1077 1296 corporalisque
1095 1249 1272 1293 natura,
1286 1257 1396 1298 quas

71 1293 227 1335 fecisti
250 1297 299 1336 in
317 1298 544 1349 sapientia
568 1303 668 1347 tua,
692 1303 742 1337 ut
765 1298 872 1337 inde
896 1299 1150 1351 penderent
1176 1300 1314 1339 etiam
1331 1300 1396 1340 in-

72 1349 238 1390 choata
261 1356 306 1391 et
328 1352 544 1392 informia
563 1365 769 1406 quaeque
787 1355 834 1393 in
852 1366 1021 1407 genere
1041 1367 1123 1394 suo
1136 1385 1146 1404 ‚
1170 1355 1244 1395 ‘vel
1263 1356 1396 1408 spiri-

69 1407 153 1446 tali
176 1406 252 1446 vel
275 1409 532 1460 corporali,
560 1409 716 1448 euntia
737 1409 785 1448 in
807 1410 1256 1460 immoderationem,
1281 1417 1328 1452 et
1347 1412 1396 1452 in

70 1462 367 1516 longinquam
400 1463 820 1505 dissimilitudinem
850 1471 971 1505 tuam
1000 1467 1227 1519 (spiritale
1252 1467 1395 1507 infor-

70 1531 141 1558 me
174 1521 504 1571 praestantius,
540 1532 672 1573 quam
707 1521 745 1560 si
776 1519 1021 1561 formatum
1056 1534 1221 1576 corpus
1249 1529 1393 1574 esset3

71 1575 310 1628 corporale
330 1580 481 1615 autem
496 1575 691 1617 informe
709 1580 1032 1630 praestantius,
1045 1591 1178 1631 quam
1196 1581 1236 1619 si
1254 1580 1394 1619 omni·

69 1643 126 1670 no
147 1629 262 1671 nihil
281 1633 444 1682 esset);
478 1636 614 1686 atque
640 1633 705 1673 ita
727 1633 980 1686 penderent
998 1635 1043 1674 in
1069 1640 1149 1674 tuo
1168 1635 1309 1675 verbo
1327 1635 1392 1675 in·

67 1685 255 1736 formia,
280 1687 369 1727 nisi
386 1699 466 1740 per
483 1688 605 1728 idem
623 1689 809 1729 verbum
826 1696 1155 1730 revocarentur
1172 1691 1230 1731 ad
1247 1692 1392 1731 unita-

67 1747 159 1781 tem
178 1748 314 1792 tuam,
336 1749 381 1783 et
398 1743 717 1793 formarentur,
738 1751 783 1785 et
801 1751 955 1785 essent
972 1746 1026 1785 ab
1044 1758 1133 1786 uno
1151 1751 1197 1787 te
1217 1759 1391 1788 summo

68 1798 189 1837 bono
223 1799 437 1839 universa
467 1800 588 1840 bona
608 1801 755 1841 valde.
817 1801 936 1849 Quid
957 1807 1003 1842 te
1026 1809 1390 1856 promeruerunt,

68 1858 117 1892 ut
152 1859 308 1893 essent
339 1855 502 1896 saltem
532 1855 767 1906 informia,
800 1869 915 1910 quae
938 1870 1085 1912 neque
1109 1857 1197 1898 hoc
1221 1864 1390 1908 essent,

69 1909 157 1948 nisi
191 1921 248 1949 ex
268 1909 341 1949 ῒθῖὶ
373 1910 493 1958 Quid
518 1918 563 1952 te
585 1915 838 1965 promeruit
867 1915 1084 1955 materies
1119 1914 1390 1967 corporalis,

69 1970 120 2004 ut
152 1970 277 2004 esset
309 1966 472 2006 saltem
501 1966 726 2008 invisibilis
752 1975 795 2009 et
824 1969 1145 2024 incomposita;
1177 1970 1283 2022 quia
1313 1981 1390 2009 ne-

72 2032 157 2072 que
176 2019 264 2060 hoc
283 2027 425 2071 esset,
444 2022 534 2063 nisi
552 2026 657 2077 quia
673 2023 828 2065 fecisti
847 2037 964 2076 eam,
982 2027 1180 2080 ideoque
1196 2031 1264 2075 te,
1287 2026 1393 2077 quia

70 2088 161 2115 non
180 2081 299 2127 erat,
324 2081 595 2130 promereri,
613 2085 664 2119 ut
681 2086 824 2131 esset,
845 2094 934 2121 non
951 2081 1158 2134 poterat?
1177 2082 1266 2120 Aut
1283 2081 1392 2133 quid

71 2138 117 2170 te
147 2134 402 2184 promeruit
431 2132 665 2175 inchoatio
694 2143 930 2176 creaturae
957 2137 1197 2190 spiritalis,
1230 2141 1282 2175 ut
1303 2136 1391 2176 sal-

71 2193 161 2227 tem
178 2188 425 2229 tenebrosa
442 2188 643 2231 fluitaret
660 2192 820 2234 similis
840 2192 1030 2246 abysso,
1054 2193 1119 2232 tui
1138 2192 1388 2242 dissimilis,

125 2250 346 2285 Ateus-r.
372 2251 606 2286 CONFEss.
1011 2248 1052 2288 R
