<?xml version="1.0" encoding="UTF-8"?>
<!DOCTYPE html PUBLIC "-//W3C//DTD XHTML 1.0 Transitional//EN"
    "http://www.w3.org/TR/xhtml1/DTD/xhtml1-transitional.dtd">
<html xmlns="http://www.w3.org/1999/xhtml" xml:lang="en" lang="en">
 <head>
  <title>
</title>
<meta http-equiv="Content-Type" content="text/html;charset=utf-8" />
  <meta name='ocr-system' content='tesseract 3.04.00' />
  <meta name='ocr-capabilities' content='ocr_page ocr_carea ocr_par ocr_line ocrx_word'/>
</head>
<body>
  <div class='ocr_page' id='page_1' title='image "./saureliiaugustin00augu_0102.png"; bbox 0 0 1473 2443; ppageno 0'>
   <div class='ocr_carea' id='block_1_1' title="bbox 57 95 1049 140">
    <p class='ocr_par' dir='ltr' id='par_1_1' title="bbox 57 95 1049 140">
     <span class='ocr_line' id='line_1_1' title="bbox 57 95 1049 140; baseline 0.001 -4"><span class='ocrx_word' id='word_1_1' title='bbox 57 95 111 136; x_wconf 79' lang='lat'><strong>76</strong></span> <span class='ocrx_word' id='word_1_2' title='bbox 380 96 652 138; x_wconf 85' lang='lat' dir='ltr'><strong>AURELII</strong></span> <span class='ocrx_word' id='word_1_3' title='bbox 679 96 1049 140; x_wconf 87' lang='lat' dir='ltr'>AUGUSTINI</span> 
     </span>
    </p>
   </div>
   <div class='ocr_carea' id='block_1_2' title="bbox 54 180 1384 2236">
    <p class='ocr_par' dir='ltr' id='par_1_2' title="bbox 55 180 1384 777">
     <span class='ocr_line' id='line_1_2' title="bbox 59 180 1376 235; baseline 0 -14"><span class='ocrx_word' id='word_1_4' title='bbox 59 180 262 235; x_wconf 89' lang='lat' dir='ltr'><strong>genitum</strong></span> <span class='ocrx_word' id='word_1_5' title='bbox 274 184 418 230; x_wconf 84' lang='lat' dir='ltr'><strong>tuum,</strong></span> <span class='ocrx_word' id='word_1_6' title='bbox 430 184 660 235; x_wconf 82' lang='lat' dir='ltr'>tamquam</span> <span class='ocrx_word' id='word_1_7' title='bbox 672 180 727 222; x_wconf 92' lang='lat' dir='ltr'><strong>de</strong></span> <span class='ocrx_word' id='word_1_8' title='bbox 743 194 896 222; x_wconf 85' lang='lat' dir='ltr'><strong>massa</strong></span> <span class='ocrx_word' id='word_1_9' title='bbox 911 181 1224 223; x_wconf 84' lang='lat' dir='ltr'>lucidissimae</span> <span class='ocrx_word' id='word_1_10' title='bbox 1241 182 1376 221; x_wconf 90' lang='lat' dir='ltr'><strong>molis</strong></span> 
     </span>
     <span class='ocr_line' id='line_1_3' title="bbox 55 236 1381 290; baseline 0 -14"><span class='ocrx_word' id='word_1_11' title='bbox 55 242 162 277; x_wconf 87' lang='lat' dir='ltr'><strong>tuae</strong></span> <span class='ocrx_word' id='word_1_12' title='bbox 190 241 454 289; x_wconf 89' lang='lat' dir='ltr'><strong>porrectum</strong></span> <span class='ocrx_word' id='word_1_13' title='bbox 478 236 535 276; x_wconf 88' lang='lat' dir='ltr'><strong>ad</strong></span> <span class='ocrx_word' id='word_1_14' title='bbox 552 242 757 277; x_wconf 89' lang='lat' dir='ltr'><strong>nostram</strong></span> <span class='ocrx_word' id='word_1_15' title='bbox 776 237 970 278; x_wconf 89' lang='lat' dir='ltr'><strong>salutem</strong></span> <span class='ocrx_word' id='word_1_16' title='bbox 988 238 1055 278; x_wconf 91' lang='lat' dir='ltr'><strong>ita</strong></span> <span class='ocrx_word' id='word_1_17' title='bbox 1070 236 1306 290; x_wconf 86' lang='lat' dir='ltr'><strong>putabam,</strong></span> <span class='ocrx_word' id='word_1_18' title='bbox 1330 242 1381 277; x_wconf 90' lang='lat' dir='ltr'><strong>ut</strong></span> 
     </span>
     <span class='ocr_line' id='line_1_4' title="bbox 57 292 1379 347; baseline 0 -15"><span class='ocrx_word' id='word_1_19' title='bbox 57 292 184 332; x_wconf 87' lang='lat' dir='ltr'><strong>aliud</strong></span> <span class='ocrx_word' id='word_1_20' title='bbox 201 292 256 332; x_wconf 92' lang='lat' dir='ltr'><strong>de</strong></span> <span class='ocrx_word' id='word_1_21' title='bbox 273 292 355 332; x_wconf 89' lang='lat' dir='ltr'><strong>illo</strong></span> <span class='ocrx_word' id='word_1_22' title='bbox 375 304 467 333; x_wconf 91' lang='lat' dir='ltr'><strong>non</strong></span> <span class='ocrx_word' id='word_1_23' title='bbox 485 292 739 343; x_wconf 84' lang='lat' dir='ltr'><strong>crederem,</strong></span> <span class='ocrx_word' id='word_1_24' title='bbox 757 293 848 333; x_wconf 91' lang='lat' dir='ltr'><strong>nisi</strong></span> <span class='ocrx_word' id='word_1_25' title='bbox 867 293 989 346; x_wconf 89' lang='lat' dir='ltr'><strong>quod</strong></span> <span class='ocrx_word' id='word_1_26' title='bbox 1005 305 1190 347; x_wconf 88' lang='lat' dir='ltr'><strong>possem</strong></span> <span class='ocrx_word' id='word_1_27' title='bbox 1208 293 1379 333; x_wconf 87' lang='lat' dir='ltr'><strong>vanita-</strong></span> 
     </span>
     <span class='ocr_line' id='line_1_5' title="bbox 55 346 1380 401; baseline 0 -13"><span class='ocrx_word' id='word_1_28' title='bbox 55 352 103 388; x_wconf 90' lang='lat' dir='ltr'><strong>te</strong></span> <span class='ocrx_word' id='word_1_29' title='bbox 126 346 384 400; x_wconf 83' lang='lat' dir='ltr'><strong>imaginari.</strong></span> <span class='ocrx_word' id='word_1_30' title='bbox 442 347 603 388; x_wconf 88' lang='lat' dir='ltr'><strong>Talem</strong></span> <span class='ocrx_word' id='word_1_31' title='bbox 625 348 778 401; x_wconf 89' lang='lat' dir='ltr'><strong>itaque</strong></span> <span class='ocrx_word' id='word_1_32' title='bbox 803 354 1010 389; x_wconf 88' lang='lat' dir='ltr'><strong>naturam</strong></span> <span class='ocrx_word' id='word_1_33' title='bbox 1027 349 1126 389; x_wconf 86' lang='lat' dir='ltr'><strong>eius</strong></span> <span class='ocrx_word' id='word_1_34' title='bbox 1143 348 1272 388; x_wconf 90' lang='lat' dir='ltr'><strong>nasci</strong></span> <span class='ocrx_word' id='word_1_35' title='bbox 1290 360 1380 388; x_wconf 90' lang='lat' dir='ltr'><strong>non</strong></span> 
     </span>
     <span class='ocr_line' id='line_1_6' title="bbox 56 401 1380 457; baseline -0.001 -14"><span class='ocrx_word' id='word_1_36' title='bbox 56 415 193 457; x_wconf 87' lang='lat' dir='ltr'><strong>posse</strong></span> <span class='ocrx_word' id='word_1_37' title='bbox 214 403 269 443; x_wconf 93' lang='lat' dir='ltr'><strong>de</strong></span> <span class='ocrx_word' id='word_1_38' title='bbox 285 401 436 443; x_wconf 86' lang='lat' dir='ltr'><strong>Maria</strong></span> <span class='ocrx_word' id='word_1_39' title='bbox 449 403 626 457; x_wconf 80' lang='lat' dir='ltr'><strong>virgine</strong></span> <span class='ocrx_word' id='word_1_40' title='bbox 645 404 918 454; x_wconf 86' lang='lat' dir='ltr'><strong>arbitrabar,</strong></span> <span class='ocrx_word' id='word_1_41' title='bbox 943 404 1034 445; x_wconf 90' lang='lat' dir='ltr'><strong>nisi</strong></span> <span class='ocrx_word' id='word_1_42' title='bbox 1053 403 1177 445; x_wconf 86' lang='lat' dir='ltr'><strong>carni</strong></span> <span class='ocrx_word' id='word_1_43' title='bbox 1196 415 1380 444; x_wconf 84' lang='lat' dir='ltr'><strong>concer-</strong></span> 
     </span>
     <span class='ocr_line' id='line_1_7' title="bbox 56 458 1380 513; baseline -0.001 -14"><span class='ocrx_word' id='word_1_44' title='bbox 56 463 259 500; x_wconf 87' lang='lat' dir='ltr'><strong>neretur.</strong></span> <span class='ocrx_word' id='word_1_45' title='bbox 313 458 537 499; x_wconf 90' lang='lat' dir='ltr'><strong>Concerni</strong></span> <span class='ocrx_word' id='word_1_46' title='bbox 556 464 707 500; x_wconf 87' lang='lat' dir='ltr'><strong>autem</strong></span> <span class='ocrx_word' id='word_1_47' title='bbox 729 464 775 500; x_wconf 90' lang='lat' dir='ltr'><strong>et</strong></span> <span class='ocrx_word' id='word_1_48' title='bbox 790 472 882 500; x_wconf 90' lang='lat' dir='ltr'><strong>non</strong></span> <span class='ocrx_word' id='word_1_49' title='bbox 898 460 1130 513; x_wconf 86' lang='lat' dir='ltr'><strong>inquinari</strong></span> <span class='ocrx_word' id='word_1_50' title='bbox 1146 471 1239 499; x_wconf 91' lang='lat' dir='ltr'><strong>non</strong></span> <span class='ocrx_word' id='word_1_51' title='bbox 1256 459 1380 500; x_wconf 83' lang='lat' dir='ltr'><strong>vide-</strong></span> 
     </span>
     <span class='ocr_line' id='line_1_8' title="bbox 56 512 1381 569; baseline 0 -15"><span class='ocrx_word' id='word_1_52' title='bbox 56 514 183 564; x_wconf 84' lang='lat' dir='ltr'><strong>bam,</strong></span> <span class='ocrx_word' id='word_1_53' title='bbox 216 512 340 568; x_wconf 87' lang='lat' dir='ltr'><strong>quod</strong></span> <span class='ocrx_word' id='word_1_54' title='bbox 363 512 476 554; x_wconf 89' lang='lat' dir='ltr'><strong>mihi</strong></span> <span class='ocrx_word' id='word_1_55' title='bbox 497 514 591 555; x_wconf 88' lang='lat' dir='ltr'><strong>tale</strong></span> <span class='ocrx_word' id='word_1_56' title='bbox 615 515 879 569; x_wconf 82' lang='lat' dir='ltr'><strong>figurabam.</strong></span> <span class='ocrx_word' id='word_1_57' title='bbox 938 515 1202 556; x_wconf 87' lang='lat' dir='ltr'><strong>Metuebam</strong></span> <span class='ocrx_word' id='word_1_58' title='bbox 1224 515 1381 567; x_wconf 87' lang='lat' dir='ltr'><strong>itaque</strong></span> 
     </span>
     <span class='ocr_line' id='line_1_9' title="bbox 59 569 1382 624; baseline 0.001 -14"><span class='ocrx_word' id='word_1_59' title='bbox 59 570 248 611; x_wconf 89' lang='lat' dir='ltr'><strong>credere</strong></span> <span class='ocrx_word' id='word_1_60' title='bbox 261 569 310 610; x_wconf 90' lang='lat' dir='ltr'><strong>in</strong></span> <span class='ocrx_word' id='word_1_61' title='bbox 329 581 464 610; x_wconf 87' lang='lat' dir='ltr'><strong>carne</strong></span> <span class='ocrx_word' id='word_1_62' title='bbox 484 575 652 620; x_wconf 83' lang='lat' dir='ltr'><strong>natum,</strong></span> <span class='ocrx_word' id='word_1_63' title='bbox 671 583 727 611; x_wconf 90' lang='lat' dir='ltr'><strong>ne</strong></span> <span class='ocrx_word' id='word_1_64' title='bbox 748 571 936 612; x_wconf 86' lang='lat' dir='ltr'><strong>credere</strong></span> <span class='ocrx_word' id='word_1_65' title='bbox 957 582 1151 624; x_wconf 83' lang='lat' dir='ltr'><strong>cogerer</strong></span> <span class='ocrx_word' id='word_1_66' title='bbox 1170 583 1227 611; x_wconf 84' lang='lat' dir='ltr'><strong>ex</strong></span> <span class='ocrx_word' id='word_1_67' title='bbox 1246 581 1382 611; x_wconf 90' lang='lat' dir='ltr'><strong>carne</strong></span> 
     </span>
     <span class='ocr_line' id='line_1_10' title="bbox 57 624 1384 680; baseline 0 -15"><span class='ocrx_word' id='word_1_68' title='bbox 57 625 359 679; x_wconf 88' lang='lat' dir='ltr'><strong>inquinatum.</strong></span> <span class='ocrx_word' id='word_1_69' title='bbox 416 624 548 666; x_wconf 93' lang='lat' dir='ltr'><strong>Nunc</strong></span> <span class='ocrx_word' id='word_1_70' title='bbox 571 626 801 680; x_wconf 87' lang='lat' dir='ltr'><strong>spiritales</strong></span> <span class='ocrx_word' id='word_1_71' title='bbox 824 627 895 666; x_wconf 91' lang='lat' dir='ltr'><strong>tui</strong></span> <span class='ocrx_word' id='word_1_72' title='bbox 915 626 1082 666; x_wconf 85' lang='lat' dir='ltr'><strong>blande</strong></span> <span class='ocrx_word' id='word_1_73' title='bbox 1109 632 1155 666; x_wconf 91' lang='lat' dir='ltr'><strong>et</strong></span> <span class='ocrx_word' id='word_1_74' title='bbox 1178 631 1384 666; x_wconf 89' lang='lat' dir='ltr'><strong>amanter</strong></span> 
     </span>
     <span class='ocr_line' id='line_1_11' title="bbox 57 679 1382 737; baseline 0 -16"><span class='ocrx_word' id='word_1_75' title='bbox 57 681 273 721; x_wconf 90' lang='lat' dir='ltr'><strong>ridebunt</strong></span> <span class='ocrx_word' id='word_1_76' title='bbox 289 692 383 732; x_wconf 89' lang='lat' dir='ltr'><strong>me,</strong></span> <span class='ocrx_word' id='word_1_77' title='bbox 409 681 449 721; x_wconf 92' lang='lat' dir='ltr'><strong>si</strong></span> <span class='ocrx_word' id='word_1_78' title='bbox 467 679 547 723; x_wconf 85' lang='lat' dir='ltr'><strong>has</strong></span> <span class='ocrx_word' id='word_1_79' title='bbox 564 681 882 723; x_wconf 81' lang='lat' dir='ltr'><strong>confessiones</strong></span> <span class='ocrx_word' id='word_1_80' title='bbox 901 694 1027 723; x_wconf 90' lang='lat' dir='ltr'><strong>meas</strong></span> <span class='ocrx_word' id='word_1_81' title='bbox 1046 681 1266 737; x_wconf 85' lang='lat' dir='ltr'><strong>legerint3</strong></span> <span class='ocrx_word' id='word_1_82' title='bbox 1299 681 1382 722; x_wconf 91' lang='lat' dir='ltr'><strong>sed</strong></span> 
     </span>
     <span class='ocr_line' id='line_1_12' title="bbox 57 736 501 777; baseline -0.002 0"><span class='ocrx_word' id='word_1_83' title='bbox 57 742 210 777; x_wconf 87' lang='lat' dir='ltr'><strong>tamen</strong></span> <span class='ocrx_word' id='word_1_84' title='bbox 227 736 335 777; x_wconf 83' lang='lat' dir='ltr'><strong>talis</strong></span> <span class='ocrx_word' id='word_1_85' title='bbox 362 748 501 777; x_wconf 88' lang='lat' dir='ltr'><strong>eram.</strong></span> 
     </span>
    </p>

    <p class='ocr_par' dir='ltr' id='par_1_3' title="bbox 54 791 1383 1790">
     <span class='ocr_line' id='line_1_13' title="bbox 143 791 1381 847; baseline -0.001 -15"><span class='ocrx_word' id='word_1_86' title='bbox 143 793 192 833; x_wconf 90' lang='lat' dir='ltr'><strong>C.</strong></span> <span class='ocrx_word' id='word_1_87' title='bbox 217 792 298 833; x_wconf 89' lang='lat' dir='ltr'><strong>XI.</strong></span> <span class='ocrx_word' id='word_1_88' title='bbox 355 791 552 843; x_wconf 85' lang='lat' dir='ltr'><strong>Deinde,</strong></span> <span class='ocrx_word' id='word_1_89' title='bbox 569 805 684 847; x_wconf 90' lang='lat' dir='ltr'><strong>quae</strong></span> <span class='ocrx_word' id='word_1_90' title='bbox 704 793 774 833; x_wconf 91' lang='lat' dir='ltr'><strong>illi</strong></span> <span class='ocrx_word' id='word_1_91' title='bbox 790 793 839 834; x_wconf 90' lang='lat' dir='ltr'><strong>in</strong></span> <span class='ocrx_word' id='word_1_92' title='bbox 857 793 1096 846; x_wconf 87' lang='lat' dir='ltr'><strong>scripturis</strong></span> <span class='ocrx_word' id='word_1_93' title='bbox 1115 793 1206 833; x_wconf 88' lang='lat' dir='ltr'><strong>tuis</strong></span> <span class='ocrx_word' id='word_1_94' title='bbox 1229 804 1381 845; x_wconf 87' lang='lat' dir='ltr'><strong>repre-</strong></span> 
     </span>
     <span class='ocr_line' id='line_1_14' title="bbox 58 847 1381 902; baseline -0.001 -14"><span class='ocrx_word' id='word_1_95' title='bbox 58 847 332 897; x_wconf 90' lang='lat' dir='ltr'><strong>henderant,</strong></span> <span class='ocrx_word' id='word_1_96' title='bbox 357 847 544 889; x_wconf 86' lang='lat' dir='ltr'><strong>defendi</strong></span> <span class='ocrx_word' id='word_1_97' title='bbox 565 861 703 902; x_wconf 85' lang='lat' dir='ltr'><strong>posse</strong></span> <span class='ocrx_word' id='word_1_98' title='bbox 726 862 816 889; x_wconf 89' lang='lat' dir='ltr'><strong>non</strong></span> <span class='ocrx_word' id='word_1_99' title='bbox 834 849 1171 899; x_wconf 72' lang='lat' dir='ltr'><strong>existimabam3</strong></span> <span class='ocrx_word' id='word_1_100' title='bbox 1203 848 1283 888; x_wconf 90' lang='lat' dir='ltr'><strong>sed</strong></span> <span class='ocrx_word' id='word_1_101' title='bbox 1302 848 1381 887; x_wconf 88' lang='lat' dir='ltr'><strong>ali-</strong></span> 
     </span>
     <span class='ocr_line' id='line_1_15' title="bbox 58 903 1383 959; baseline -0.002 -15"><span class='ocrx_word' id='word_1_102' title='bbox 58 903 238 957; x_wconf 86' lang='lat' dir='ltr'><strong>quando</strong></span> <span class='ocrx_word' id='word_1_103' title='bbox 259 915 368 944; x_wconf 89' lang='lat' dir='ltr'><strong>sane</strong></span> <span class='ocrx_word' id='word_1_104' title='bbox 387 917 441 944; x_wconf 92' lang='lat' dir='ltr'><strong>cu</strong></span> <span class='ocrx_word' id='word_1_105' title='bbox 475 903 645 955; x_wconf 88' lang='lat' dir='ltr'><strong>iebam,</strong></span> <span class='ocrx_word' id='word_1_106' title='bbox 666 918 768 945; x_wconf 91' lang='lat' dir='ltr'><strong>cum</strong></span> <span class='ocrx_word' id='word_1_107' title='bbox 785 905 938 959; x_wconf 89' lang='lat' dir='ltr'><strong>aliquo</strong></span> <span class='ocrx_word' id='word_1_108' title='bbox 957 905 1146 944; x_wconf 91' lang='lat' dir='ltr'><strong>illorum</strong></span> <span class='ocrx_word' id='word_1_109' title='bbox 1161 903 1383 943; x_wconf 90' lang='lat' dir='ltr'><strong>librorum</strong></span> 
     </span>
     <span class='ocr_line' id='line_1_16' title="bbox 59 958 1381 1014; baseline 0 -16"><span class='ocrx_word' id='word_1_110' title='bbox 59 959 329 999; x_wconf 85' lang='lat' dir='ltr'><strong>doctissimo</strong></span> <span class='ocrx_word' id='word_1_111' title='bbox 357 972 443 999; x_wconf 85' lang='lat' dir='ltr'><strong>con</strong></span> <span class='ocrx_word' id='word_1_112' title='bbox 468 972 568 1000; x_wconf 91' lang='lat' dir='ltr'><strong>erre</strong></span> <span class='ocrx_word' id='word_1_113' title='bbox 593 961 794 1014; x_wconf 85' lang='lat' dir='ltr'><strong>singula,</strong></span> <span class='ocrx_word' id='word_1_114' title='bbox 826 967 872 1001; x_wconf 87' lang='lat' dir='ltr'><strong>et</strong></span> <span class='ocrx_word' id='word_1_115' title='bbox 897 960 1121 1013; x_wconf 85' lang='lat' dir='ltr'><strong>experiri,</strong></span> <span class='ocrx_word' id='word_1_116' title='bbox 1148 958 1381 1012; x_wconf 86' lang='lat' dir='ltr'><strong>quidinde</strong></span> 
     </span>
     <span class='ocr_line' id='line_1_17' title="bbox 57 1014 1382 1069; baseline 0.001 -15"><span class='ocrx_word' id='word_1_117' title='bbox 57 1014 267 1055; x_wconf 82' lang='lat' dir='ltr'><strong>sentiret.</strong></span> <span class='ocrx_word' id='word_1_118' title='bbox 309 1014 404 1055; x_wconf 89' lang='lat' dir='ltr'><strong>Iam</strong></span> <span class='ocrx_word' id='word_1_119' title='bbox 425 1015 544 1055; x_wconf 91' lang='lat' dir='ltr'><strong>enim</strong></span> <span class='ocrx_word' id='word_1_120' title='bbox 561 1015 770 1069; x_wconf 88' lang='lat' dir='ltr'><strong>Helpidii</strong></span> <span class='ocrx_word' id='word_1_121' title='bbox 788 1016 1022 1057; x_wconf 88' lang='lat' dir='ltr'><strong>cuiusdam</strong></span> <span class='ocrx_word' id='word_1_122' title='bbox 1044 1015 1262 1056; x_wconf 80' lang='lat' dir='ltr'><strong>adversus</strong></span> <span class='ocrx_word' id='word_1_123' title='bbox 1282 1026 1382 1055; x_wconf 88' lang='lat' dir='ltr'><strong>eos-</strong></span> 
     </span>
     <span class='ocr_line' id='line_1_18' title="bbox 58 1068 1381 1126; baseline 0.001 -17"><span class='ocrx_word' id='word_1_124' title='bbox 58 1070 160 1110; x_wconf 90' lang='lat' dir='ltr'><strong>dem</strong></span> <span class='ocrx_word' id='word_1_125' title='bbox 182 1068 481 1111; x_wconf 88' lang='lat' dir='ltr'><strong>Manichaeos</strong></span> <span class='ocrx_word' id='word_1_126' title='bbox 505 1083 660 1111; x_wconf 88' lang='lat' dir='ltr'><strong>coram</strong></span> <span class='ocrx_word' id='word_1_127' title='bbox 686 1071 917 1126; x_wconf 86' lang='lat' dir='ltr'><strong>loquentis</strong></span> <span class='ocrx_word' id='word_1_128' title='bbox 937 1076 983 1112; x_wconf 91' lang='lat' dir='ltr'><strong>et</strong></span> <span class='ocrx_word' id='word_1_129' title='bbox 999 1071 1269 1111; x_wconf 81' lang='lat' dir='ltr'><strong>disserentis</strong></span> <span class='ocrx_word' id='word_1_130' title='bbox 1289 1082 1381 1110; x_wconf 84' lang='lat' dir='ltr'><strong>ser-</strong></span> 
     </span>
     <span class='ocr_line' id='line_1_19' title="bbox 58 1125 1382 1181; baseline 0.002 -16"><span class='ocrx_word' id='word_1_131' title='bbox 58 1137 217 1166; x_wconf 90' lang='lat' dir='ltr'><strong>mones</strong></span> <span class='ocrx_word' id='word_1_132' title='bbox 247 1125 386 1166; x_wconf 89' lang='lat' dir='ltr'><strong>etiam</strong></span> <span class='ocrx_word' id='word_1_133' title='bbox 419 1126 539 1180; x_wconf 91' lang='lat' dir='ltr'><strong>apud</strong></span> <span class='ocrx_word' id='word_1_134' title='bbox 568 1125 890 1181; x_wconf 82' lang='lat' dir='ltr'><strong>Carthaginem</strong></span> <span class='ocrx_word' id='word_1_135' title='bbox 913 1139 1098 1167; x_wconf 83' lang='lat' dir='ltr'><strong>movere</strong></span> <span class='ocrx_word' id='word_1_136' title='bbox 1121 1139 1194 1167; x_wconf 89' lang='lat' dir='ltr'><strong>me</strong></span> <span class='ocrx_word' id='word_1_137' title='bbox 1219 1137 1382 1178; x_wconf 88' lang='lat' dir='ltr'><strong>coepe-</strong></span> 
     </span>
     <span class='ocr_line' id='line_1_20' title="bbox 57 1182 1383 1237; baseline 0 -16"><span class='ocrx_word' id='word_1_138' title='bbox 57 1187 179 1231; x_wconf 83' lang='lat' dir='ltr'><strong>rant,</strong></span> <span class='ocrx_word' id='word_1_139' title='bbox 198 1193 299 1221; x_wconf 85' lang='lat' dir='ltr'><strong>cum</strong></span> <span class='ocrx_word' id='word_1_140' title='bbox 315 1182 431 1223; x_wconf 88' lang='lat' dir='ltr'><strong>talia</strong></span> <span class='ocrx_word' id='word_1_141' title='bbox 447 1182 503 1223; x_wconf 89' lang='lat' dir='ltr'><strong>de</strong></span> <span class='ocrx_word' id='word_1_142' title='bbox 522 1182 761 1235; x_wconf 87' lang='lat' dir='ltr'><strong>scripturis</strong></span> <span class='ocrx_word' id='word_1_143' title='bbox 778 1182 1023 1237; x_wconf 81' lang='lat' dir='ltr'><strong>proferret,</strong></span> <span class='ocrx_word' id='word_1_144' title='bbox 1044 1183 1206 1236; x_wconf 91' lang='lat' dir='ltr'><strong>quibus</strong></span> <span class='ocrx_word' id='word_1_145' title='bbox 1227 1182 1383 1222; x_wconf 84' lang='lat' dir='ltr'><strong>resisti</strong></span> 
     </span>
     <span class='ocr_line' id='line_1_21' title="bbox 60 1236 1381 1291; baseline 0 -15"><span class='ocrx_word' id='word_1_146' title='bbox 60 1236 195 1277; x_wconf 84' lang='lat' dir='ltr'><strong>facile</strong></span> <span class='ocrx_word' id='word_1_147' title='bbox 219 1250 310 1277; x_wconf 88' lang='lat' dir='ltr'><strong>non</strong></span> <span class='ocrx_word' id='word_1_148' title='bbox 332 1243 518 1290; x_wconf 89' lang='lat' dir='ltr'><strong>posset,</strong></span> <span class='ocrx_word' id='word_1_149' title='bbox 546 1244 592 1279; x_wconf 91' lang='lat' dir='ltr'><strong>et</strong></span> <span class='ocrx_word' id='word_1_150' title='bbox 610 1238 841 1279; x_wconf 89' lang='lat' dir='ltr'><strong>imbecilla</strong></span> <span class='ocrx_word' id='word_1_151' title='bbox 862 1236 975 1279; x_wconf 89' lang='lat' dir='ltr'><strong>mihi</strong></span> <span class='ocrx_word' id='word_1_152' title='bbox 997 1238 1239 1291; x_wconf 90' lang='lat' dir='ltr'><strong>responsio</strong></span> <span class='ocrx_word' id='word_1_153' title='bbox 1258 1237 1381 1277; x_wconf 84' lang='lat' dir='ltr'><strong>vide-</strong></span> 
     </span>
     <span class='ocr_line' id='line_1_22' title="bbox 56 1293 1380 1348; baseline 0 -16"><span class='ocrx_word' id='word_1_154' title='bbox 56 1293 191 1332; x_wconf 87' lang='lat' dir='ltr'><strong>batur</strong></span> <span class='ocrx_word' id='word_1_155' title='bbox 213 1293 420 1333; x_wconf 86' lang='lat' dir='ltr'><strong>istorum.</strong></span> <span class='ocrx_word' id='word_1_156' title='bbox 481 1293 627 1342; x_wconf 75' lang='lat' dir='ltr'><strong>Quam</strong></span> <span class='ocrx_word' id='word_1_157' title='bbox 648 1295 830 1348; x_wconf 90' lang='lat' dir='ltr'><strong>quidem</strong></span> <span class='ocrx_word' id='word_1_158' title='bbox 847 1307 938 1334; x_wconf 90' lang='lat' dir='ltr'><strong>non</strong></span> <span class='ocrx_word' id='word_1_159' title='bbox 956 1293 1092 1333; x_wconf 88' lang='lat' dir='ltr'><strong>facile</strong></span> <span class='ocrx_word' id='word_1_160' title='bbox 1113 1293 1262 1346; x_wconf 79' lang='lat' dir='ltr'><strong>palam</strong></span> <span class='ocrx_word' id='word_1_161' title='bbox 1279 1305 1380 1346; x_wconf 88' lang='lat' dir='ltr'><strong>pro-</strong></span> 
     </span>
     <span class='ocr_line' id='line_1_23' title="bbox 54 1348 1379 1401; baseline 0.001 -13"><span class='ocrx_word' id='word_1_162' title='bbox 54 1348 259 1398; x_wconf 83' lang='lat' dir='ltr'><strong>mebant,</strong></span> <span class='ocrx_word' id='word_1_163' title='bbox 284 1349 367 1388; x_wconf 85' lang='lat' dir='ltr'><strong>sed</strong></span> <span class='ocrx_word' id='word_1_164' title='bbox 388 1349 521 1389; x_wconf 88' lang='lat' dir='ltr'><strong>nobis</strong></span> <span class='ocrx_word' id='word_1_165' title='bbox 548 1351 793 1401; x_wconf 83' lang='lat' dir='ltr'><strong>secretius,</strong></span> <span class='ocrx_word' id='word_1_166' title='bbox 816 1363 917 1390; x_wconf 90' lang='lat' dir='ltr'><strong>cum</strong></span> <span class='ocrx_word' id='word_1_167' title='bbox 936 1350 1162 1397; x_wconf 88' lang='lat' dir='ltr'><strong>dicerent,</strong></span> <span class='ocrx_word' id='word_1_168' title='bbox 1190 1349 1379 1401; x_wconf 88' lang='lat' dir='ltr'><strong>scriptu·</strong></span> 
     </span>
     <span class='ocr_line' id='line_1_24' title="bbox 55 1404 1379 1457; baseline 0 -14"><span class='ocrx_word' id='word_1_169' title='bbox 55 1416 130 1444; x_wconf 90' lang='lat' dir='ltr'><strong>ras</strong></span> <span class='ocrx_word' id='word_1_170' title='bbox 163 1404 272 1443; x_wconf 87' lang='lat' dir='ltr'><strong>novi</strong></span> <span class='ocrx_word' id='word_1_171' title='bbox 298 1405 563 1445; x_wconf 86' lang='lat' dir='ltr'><strong>testamenti</strong></span> <span class='ocrx_word' id='word_1_172' title='bbox 592 1405 783 1446; x_wconf 87' lang='lat' dir='ltr'><strong>falsatas</strong></span> <span class='ocrx_word' id='word_1_173' title='bbox 814 1405 959 1445; x_wconf 83' lang='lat' dir='ltr'><strong>fuisse</strong></span> <span class='ocrx_word' id='word_1_174' title='bbox 987 1417 1013 1444; x_wconf 86' lang='lat' dir='ltr'><strong>a</strong></span> <span class='ocrx_word' id='word_1_175' title='bbox 1034 1405 1190 1445; x_wconf 91' lang='lat' dir='ltr'><strong>nescio</strong></span> <span class='ocrx_word' id='word_1_176' title='bbox 1217 1404 1379 1457; x_wconf 85' lang='lat' dir='ltr'><strong>quibus</strong></span> 
     </span>
     <span class='ocr_line' id='line_1_25' title="bbox 58 1459 1379 1514; baseline -0.001 -15"><span class='ocrx_word' id='word_1_177' title='bbox 58 1460 135 1513; x_wconf 93' lang='lat' dir='ltr'><strong>qui</strong></span> <span class='ocrx_word' id='word_1_178' title='bbox 157 1459 431 1500; x_wconf 82' lang='lat' dir='ltr'><strong>ludaeorum</strong></span> <span class='ocrx_word' id='word_1_179' title='bbox 453 1460 604 1514; x_wconf 87' lang='lat' dir='ltr'><strong>legem</strong></span> <span class='ocrx_word' id='word_1_180' title='bbox 626 1461 832 1502; x_wconf 86' lang='lat' dir='ltr'><strong>inserere</strong></span> <span class='ocrx_word' id='word_1_181' title='bbox 859 1459 1146 1501; x_wconf 84' lang='lat' dir='ltr'><strong>Christianae</strong></span> <span class='ocrx_word' id='word_1_182' title='bbox 1172 1460 1281 1499; x_wconf 87' lang='lat' dir='ltr'><strong>fidei</strong></span> <span class='ocrx_word' id='word_1_183' title='bbox 1304 1472 1379 1499; x_wconf 89' lang='lat' dir='ltr'><strong>vo-</strong></span> 
     </span>
     <span class='ocr_line' id='line_1_26' title="bbox 57 1515 1378 1570; baseline -0.001 -16"><span class='ocrx_word' id='word_1_184' title='bbox 57 1515 259 1565; x_wconf 90' lang='lat' dir='ltr'><strong>luerunt,</strong></span> <span class='ocrx_word' id='word_1_185' title='bbox 284 1520 418 1569; x_wconf 89' lang='lat' dir='ltr'><strong>atque</strong></span> <span class='ocrx_word' id='word_1_186' title='bbox 444 1516 533 1569; x_wconf 84' lang='lat' dir='ltr'><strong>ipsi</strong></span> <span class='ocrx_word' id='word_1_187' title='bbox 555 1517 821 1570; x_wconf 87' lang='lat' dir='ltr'><strong>incorrupta</strong></span> <span class='ocrx_word' id='word_1_188' title='bbox 838 1516 1117 1570; x_wconf 83' lang='lat' dir='ltr'><strong>exemplaria</strong></span> <span class='ocrx_word' id='word_1_189' title='bbox 1133 1515 1258 1555; x_wconf 90' lang='lat' dir='ltr'><strong>nulla</strong></span> <span class='ocrx_word' id='word_1_190' title='bbox 1275 1528 1378 1567; x_wconf 87' lang='lat' dir='ltr'><strong>pro·</strong></span> 
     </span>
     <span class='ocr_line' id='line_1_27' title="bbox 56 1570 1378 1625; baseline 0 -16"><span class='ocrx_word' id='word_1_191' title='bbox 56 1570 245 1610; x_wconf 85' lang='lat' dir='ltr'><strong>ferrent.</strong></span> <span class='ocrx_word' id='word_1_192' title='bbox 308 1570 398 1611; x_wconf 87' lang='lat' dir='ltr'><strong>Sed</strong></span> <span class='ocrx_word' id='word_1_193' title='bbox 423 1583 494 1612; x_wconf 88' lang='lat' dir='ltr'><strong>me</strong></span> <span class='ocrx_word' id='word_1_194' title='bbox 511 1572 706 1612; x_wconf 81' lang='lat' dir='ltr'><strong>maxime</strong></span> <span class='ocrx_word' id='word_1_195' title='bbox 734 1576 913 1625; x_wconf 87' lang='lat' dir='ltr'><strong>captum</strong></span> <span class='ocrx_word' id='word_1_196' title='bbox 938 1577 983 1612; x_wconf 89' lang='lat' dir='ltr'><strong>et</strong></span> <span class='ocrx_word' id='word_1_197' title='bbox 1002 1570 1250 1611; x_wconf 86' lang='lat' dir='ltr'><strong>offocatum</strong></span> <span class='ocrx_word' id='word_1_198' title='bbox 1270 1582 1378 1622; x_wconf 88' lang='lat' dir='ltr'><strong>quo-</strong></span> 
     </span>
     <span class='ocr_line' id='line_1_28' title="bbox 59 1625 1378 1681; baseline -0.001 -16"><span class='ocrx_word' id='word_1_199' title='bbox 59 1625 301 1666; x_wconf 87' lang='lat' dir='ltr'><strong>dammodo</strong></span> <span class='ocrx_word' id='word_1_200' title='bbox 325 1626 641 1679; x_wconf 84' lang='lat' dir='ltr'><strong>deprimebant</strong></span> <span class='ocrx_word' id='word_1_201' title='bbox 657 1627 917 1681; x_wconf 89' lang='lat' dir='ltr'><strong>corporalia</strong></span> <span class='ocrx_word' id='word_1_202' title='bbox 935 1627 1213 1680; x_wconf 83' lang='lat' dir='ltr'><strong>cogitantem</strong></span> <span class='ocrx_word' id='word_1_203' title='bbox 1230 1626 1378 1665; x_wconf 83' lang='lat' dir='ltr'><strong>moles</strong></span> 
     </span>
     <span class='ocr_line' id='line_1_29' title="bbox 56 1681 1377 1735; baseline 0 -15"><span class='ocrx_word' id='word_1_204' title='bbox 56 1682 188 1730; x_wconf 76' lang='lat' dir='ltr'><strong>illae,</strong></span> <span class='ocrx_word' id='word_1_205' title='bbox 225 1681 307 1720; x_wconf 89' lang='lat' dir='ltr'><strong>sub</strong></span> <span class='ocrx_word' id='word_1_206' title='bbox 341 1682 502 1735; x_wconf 87' lang='lat' dir='ltr'><strong>quibus</strong></span> <span class='ocrx_word' id='word_1_207' title='bbox 537 1681 755 1722; x_wconf 85' lang='lat' dir='ltr'><strong>anhelans</strong></span> <span class='ocrx_word' id='word_1_208' title='bbox 787 1683 835 1721; x_wconf 93' lang='lat' dir='ltr'><strong>in</strong></span> <span class='ocrx_word' id='word_1_209' title='bbox 861 1695 1016 1722; x_wconf 88' lang='lat' dir='ltr'><strong>auram</strong></span> <span class='ocrx_word' id='word_1_210' title='bbox 1037 1687 1142 1721; x_wconf 85' lang='lat' dir='ltr'><strong>tuae</strong></span> <span class='ocrx_word' id='word_1_211' title='bbox 1167 1681 1377 1721; x_wconf 86' lang='lat' dir='ltr'><strong>veritatis</strong></span> 
     </span>
     <span class='ocr_line' id='line_1_30' title="bbox 58 1736 1210 1790; baseline 0.002 -15"><span class='ocrx_word' id='word_1_212' title='bbox 58 1736 276 1790; x_wconf 85' lang='lat' dir='ltr'><strong>liquidam</strong></span> <span class='ocrx_word' id='word_1_213' title='bbox 300 1742 345 1776; x_wconf 87' lang='lat' dir='ltr'><strong>et</strong></span> <span class='ocrx_word' id='word_1_214' title='bbox 362 1737 614 1789; x_wconf 88' lang='lat' dir='ltr'><strong>simplicem</strong></span> <span class='ocrx_word' id='word_1_215' title='bbox 631 1738 859 1790; x_wconf 88' lang='lat' dir='ltr'><strong>respirare</strong></span> <span class='ocrx_word' id='word_1_216' title='bbox 879 1750 969 1777; x_wconf 90' lang='lat' dir='ltr'><strong>non</strong></span> <span class='ocrx_word' id='word_1_217' title='bbox 988 1742 1210 1789; x_wconf 86' lang='lat' dir='ltr'><strong>poteram.</strong></span> 
     </span>
    </p>

    <p class='ocr_par' dir='ltr' id='par_1_4' title="bbox 58 1791 1379 2236">
     <span class='ocr_line' id='line_1_31' title="bbox 143 1791 1379 1846; baseline 0.001 -16"><span class='ocrx_word' id='word_1_218' title='bbox 143 1792 190 1832; x_wconf 74' lang='lat'><strong>(3.</strong></span> <span class='ocrx_word' id='word_1_219' title='bbox 215 1791 314 1832; x_wconf 89' lang='lat' dir='ltr'><strong>XII.</strong></span> <span class='ocrx_word' id='word_1_220' title='bbox 374 1791 544 1833; x_wconf 90' lang='lat' dir='ltr'><strong>Sedulo</strong></span> <span class='ocrx_word' id='word_1_221' title='bbox 577 1805 687 1846; x_wconf 87' lang='lat' dir='ltr'><strong>ergo</strong></span> <span class='ocrx_word' id='word_1_222' title='bbox 720 1805 859 1846; x_wconf 88' lang='lat' dir='ltr'><strong>agere</strong></span> <span class='ocrx_word' id='word_1_223' title='bbox 891 1804 1152 1844; x_wconf 86' lang='lat' dir='ltr'><strong>coeperam,</strong></span> <span class='ocrx_word' id='word_1_224' title='bbox 1192 1796 1379 1846; x_wconf 85' lang='lat' dir='ltr'><strong>propter</strong></span> 
     </span>
     <span class='ocr_line' id='line_1_32' title="bbox 60 1847 1376 1900; baseline 0 -14"><span class='ocrx_word' id='word_1_225' title='bbox 60 1847 482 1900; x_wconf 80' lang='lat' dir='ltr'><strong>quodveneran1‚ut</strong></span> <span class='ocrx_word' id='word_1_226' title='bbox 500 1847 714 1888; x_wconf 87' lang='lat' dir='ltr'><strong>docerem</strong></span> <span class='ocrx_word' id='word_1_227' title='bbox 724 1848 896 1888; x_wconf 88' lang='lat' dir='ltr'><strong>Romae</strong></span> <span class='ocrx_word' id='word_1_228' title='bbox 917 1854 1061 1888; x_wconf 90' lang='lat' dir='ltr'><strong>artem</strong></span> <span class='ocrx_word' id='word_1_229' title='bbox 1082 1847 1376 1896; x_wconf 88' lang='lat' dir='ltr'><strong>rhetoricam,</strong></span> 
     </span>
     <span class='ocr_line' id='line_1_33' title="bbox 60 1902 1375 1957; baseline 0 -15"><span class='ocrx_word' id='word_1_230' title='bbox 60 1908 107 1942; x_wconf 94' lang='lat' dir='ltr'><strong>et</strong></span> <span class='ocrx_word' id='word_1_231' title='bbox 124 1903 249 1955; x_wconf 89' lang='lat' dir='ltr'><strong>prius</strong></span> <span class='ocrx_word' id='word_1_232' title='bbox 269 1902 391 1942; x_wconf 90' lang='lat' dir='ltr'><strong>domi</strong></span> <span class='ocrx_word' id='word_1_233' title='bbox 410 1915 694 1957; x_wconf 85' lang='lat' dir='ltr'><strong>congregare</strong></span> <span class='ocrx_word' id='word_1_234' title='bbox 712 1903 906 1957; x_wconf 90' lang='lat' dir='ltr'><strong>aliquos,</strong></span> <span class='ocrx_word' id='word_1_235' title='bbox 921 1903 1083 1957; x_wconf 90' lang='lat' dir='ltr'><strong>quibus</strong></span> <span class='ocrx_word' id='word_1_236' title='bbox 1103 1909 1149 1944; x_wconf 91' lang='lat' dir='ltr'><strong>et</strong></span> <span class='ocrx_word' id='word_1_237' title='bbox 1164 1915 1245 1956; x_wconf 88' lang='lat' dir='ltr'><strong>per</strong></span> <span class='ocrx_word' id='word_1_238' title='bbox 1262 1915 1375 1956; x_wconf 89' lang='lat' dir='ltr'><strong>quos</strong></span> 
     </span>
     <span class='ocr_line' id='line_1_34' title="bbox 58 1959 1376 2013; baseline 0 -16"><span class='ocrx_word' id='word_1_239' title='bbox 58 1960 349 1998; x_wconf 85' lang='lat' dir='ltr'><strong>innotescere</strong></span> <span class='ocrx_word' id='word_1_240' title='bbox 373 1970 631 2012; x_wconf 80' lang='lat' dir='ltr'><strong>coeperam,</strong></span> <span class='ocrx_word' id='word_1_241' title='bbox 656 1964 702 1999; x_wconf 90' lang='lat' dir='ltr'><strong>et</strong></span> <span class='ocrx_word' id='word_1_242' title='bbox 719 1971 825 2000; x_wconf 91' lang='lat' dir='ltr'><strong>ecce</strong></span> <span class='ocrx_word' id='word_1_243' title='bbox 846 1971 1078 2013; x_wconf 84' lang='lat' dir='ltr'><strong>cognosco</strong></span> <span class='ocrx_word' id='word_1_244' title='bbox 1098 1959 1189 1999; x_wconf 85' lang='lat' dir='ltr'><strong>alia</strong></span> <span class='ocrx_word' id='word_1_245' title='bbox 1204 1959 1376 1999; x_wconf 90' lang='lat' dir='ltr'><strong>Romae</strong></span> 
     </span>
     <span class='ocr_line' id='line_1_35' title="bbox 62 2013 1375 2067; baseline -0.002 -13"><span class='ocrx_word' id='word_1_246' title='bbox 62 2014 182 2064; x_wconf 87' lang='lat' dir='ltr'><strong>fieri,</strong></span> <span class='ocrx_word' id='word_1_247' title='bbox 203 2025 317 2067; x_wconf 87' lang='lat' dir='ltr'><strong>quae</strong></span> <span class='ocrx_word' id='word_1_248' title='bbox 341 2026 432 2053; x_wconf 91' lang='lat' dir='ltr'><strong>non</strong></span> <span class='ocrx_word' id='word_1_249' title='bbox 450 2014 657 2066; x_wconf 89' lang='lat' dir='ltr'><strong>patiebar</strong></span> <span class='ocrx_word' id='word_1_250' title='bbox 674 2014 720 2054; x_wconf 86' lang='lat' dir='ltr'><strong>in</strong></span> <span class='ocrx_word' id='word_1_251' title='bbox 736 2015 903 2055; x_wconf 83' lang='lat' dir='ltr'><strong>Africa.</strong></span> <span class='ocrx_word' id='word_1_252' title='bbox 963 2013 1078 2055; x_wconf 90' lang='lat' dir='ltr'><strong>Nam</strong></span> <span class='ocrx_word' id='word_1_253' title='bbox 1093 2026 1255 2054; x_wconf 87' lang='lat' dir='ltr'><strong>revera</strong></span> <span class='ocrx_word' id='word_1_254' title='bbox 1271 2013 1375 2053; x_wconf 85' lang='lat' dir='ltr'><strong>illas</strong></span> 
     </span>
     <span class='ocr_line' id='line_1_36' title="bbox 63 2069 1376 2122; baseline -0.002 -12"><span class='ocrx_word' id='word_1_255' title='bbox 63 2069 326 2110; x_wconf 80' lang='lat' dir='ltr'><strong>eversiones</strong></span> <span class='ocrx_word' id='word_1_256' title='bbox 340 2081 366 2109; x_wconf 89' lang='lat' dir='ltr'><strong>a</strong></span> <span class='ocrx_word' id='word_1_257' title='bbox 379 2069 571 2122; x_wconf 84' lang='lat' dir='ltr'><strong>perditis</strong></span> <span class='ocrx_word' id='word_1_258' title='bbox 587 2070 958 2111; x_wconf 84' lang='lat' dir='ltr'><strong>adolescentibus</strong></span> <span class='ocrx_word' id='word_1_259' title='bbox 973 2070 1038 2110; x_wconf 91' lang='lat' dir='ltr'><strong>ibi</strong></span> <span class='ocrx_word' id='word_1_260' title='bbox 1053 2082 1144 2110; x_wconf 93' lang='lat' dir='ltr'><strong>non</strong></span> <span class='ocrx_word' id='word_1_261' title='bbox 1161 2070 1376 2118; x_wconf 86' lang='lat' dir='ltr'><strong>fieri,ma·</strong></span> 
     </span>
     <span class='ocr_line' id='line_1_37' title="bbox 61 2123 1376 2179; baseline -0.001 -14"><span class='ocrx_word' id='word_1_262' title='bbox 61 2125 326 2166; x_wconf 82' lang='lat' dir='ltr'><strong>nifestatum</strong></span> <span class='ocrx_word' id='word_1_263' title='bbox 344 2129 413 2165; x_wconf 89' lang='lat' dir='ltr'><strong>est</strong></span> <span class='ocrx_word' id='word_1_264' title='bbox 429 2123 553 2165; x_wconf 88' lang='lat' dir='ltr'><strong>mihi.</strong></span> <span class='ocrx_word' id='word_1_265' title='bbox 614 2124 740 2174; x_wconf 83' lang='lat' dir='ltr'><strong>„Sed</strong></span> <span class='ocrx_word' id='word_1_266' title='bbox 757 2126 926 2176; x_wconf 92' lang='lat' dir='ltr'><strong>subito,</strong></span> <span class='ocrx_word' id='word_1_267' title='bbox 945 2126 1169 2179; x_wconf 89' lang='lat' dir='ltr'><strong>inquiunt,</strong></span> <span class='ocrx_word' id='word_1_268' title='bbox 1188 2137 1244 2165; x_wconf 87' lang='lat' dir='ltr'><strong>ne</strong></span> <span class='ocrx_word' id='word_1_269' title='bbox 1262 2137 1376 2164; x_wconf 87' lang='lat' dir='ltr'><strong>mer-</strong></span> 
     </span>
     <span class='ocr_line' id='line_1_38' title="bbox 65 2180 1375 2236; baseline -0.002 -14"><span class='ocrx_word' id='word_1_270' title='bbox 65 2182 223 2222; x_wconf 88' lang='lat' dir='ltr'><strong>cedem</strong></span> <span class='ocrx_word' id='word_1_271' title='bbox 258 2181 480 2235; x_wconf 85' lang='lat' dir='ltr'><strong>magistro</strong></span> <span class='ocrx_word' id='word_1_272' title='bbox 512 2181 726 2233; x_wconf 86' lang='lat' dir='ltr'><strong>reddant,</strong></span> <span class='ocrx_word' id='word_1_273' title='bbox 773 2182 1039 2236; x_wconf 88' lang='lat' dir='ltr'><strong>conspirant</strong></span> <span class='ocrx_word' id='word_1_274' title='bbox 1064 2181 1195 2222; x_wconf 89' lang='lat' dir='ltr'><strong>multi</strong></span> <span class='ocrx_word' id='word_1_275' title='bbox 1223 2180 1375 2221; x_wconf 86' lang='lat' dir='ltr'><strong>adole·</strong></span> 
     </span>
    </p>
   </div>
  </div>
 </body>
</html>
