1514 2438
246 89 795 132 CONFESSIONUM
823 88 1037 129 LIBER
1066 87 1142 129 IV,
1312 85 1366 124 55

35 178 255 231 quiescite
278 178 325 217 in
350 188 427 226 eo,
454 180 500 216 et
523 176 668 229 quieti
687 176 831 216 eritis.
894 175 994 223 Quo
1013 173 1092 213 itis
1110 173 1157 212 in
1177 171 1367 225 aspera}-

36 246 121 286 quo
140 233 243 274 itis‘}
272 233 452 273 Bonum
470 232 594 285 quod
613 232 795 281 amatis,
822 231 876 271 ab
895 232 976 270 illo
998 235 1092 279 est3
1126 228 1208 268 sed
1229 240 1367 281 quan-

36 297 126 329 tum
150 295 222 330 est
245 289 302 329 ad
319 288 471 338 illum,
496 288 665 328 bonum
686 292 756 328 est
777 292 823 327 et
841 298 994 327 suave.
1057 284 1149 326 Sed
1164 295 1368 324 amarum

40 347 123 386 erit
139 346 279 396 iuste,
306 345 413 398 quia
430 344 601 384 iniuste
622 349 799 384 amatur
817 343 1002 383 deserto
1021 341 1125 391 illo,
1147 339 1369 393 quidquid

42 401 94 441 ab
120 402 201 441 illo
239 407 322 441 est.
386 400 487 449 Quo
521 400 654 440 vobis
692 398 840 439 adhuc
874 405 920 439 et
949 397 1097 438 adhuc
1133 396 1369 436 ambulare

40 458 130 498 vias
165 457 376 497 difficiles
411 462 459 497 et
489 455 777 496 laboriosast
807 454 911 495 Non
946 460 1017 494 est
1049 453 1256 506 requies,
1290 451 1367 490 ubi

41 514 253 566 quaeritis
290 526 404 554 eam.
468 512 725 561 Quaerite
766 511 909 565 quod
948 510 1232 564 quaeritis:
1276 506 1371 547 sed

39 569 115 608 ibi
135 582 238 609 non
264 575 359 619 est,
381 569 472 609 ubi
496 569 774 622 quaeritis.
824 567 1017 607 Beatam
1034 566 1174 605 vitam
1193 563 1372 617 quaeri-

38 627 98 665 tis
122 624 164 665 in
188 627 381 679 regione
405 625 589 665 mortis:
609 637 701 665 non
729 629 800 665 est
823 624 934 664 illic.
985 620 1230 671 Quomodo
1251 620 1373 659 enirn

38 681 170 721 beata
191 682 305 732 vita,
329 681 409 722 ubi
433 694 518 722 nec
541 681 662 721 vita‘}
691 681 751 721 Et
776 678 1016 720 descendit
1043 676 1130 717 huc
1153 677 1254 730 ipsa
1276 675 1372 714 vita

39 742 213 788 nostra,
250 744 296 778 et
328 738 436 778 tulit
465 742 662 778 mortem
692 742 899 777 nostram
925 741 971 775 et
994 733 1167 774 occidit
1190 744 1291 772 eam
1316 731 1371 771 de

42 793 317 834 abundantia
341 796 464 834 vitae
496 806 627 843 suae,
653 798 699 833 et
720 793 873 833 tonuit
896 792 1118 839 clamans,
1142 793 1192 829 ut
1212 788 1374 828 redea-

41 863 140 890 mus
164 848 264 891 hinc
289 851 346 891 ad
370 863 472 890 eum
501 851 550 889 in
575 850 692 890 illud
716 854 964 897 secretum,
1002 846 1119 887 unde
1143 844 1375 898 processit

43 907 100 946 ad
122 918 227 956 nos,
246 907 293 946 in
312 907 462 960 ipsum
480 907 675 960 primum
697 905 973 959 virginalem
998 909 1200 951 uterum,
1229 900 1307 940 ubi
1332 900 1374 938 ei

43 962 197 1015 nupsit
234 962 426 1003 humana
465 968 699 1012 creatura,
740 974 848 1001 caro
881 959 1116 1008 mortalis,
1158 969 1215 997 ne
1252 962 1376 996 esset

45 1030 224 1071 semper
250 1019 478 1071 mortalis3
512 1023 558 1059 et
586 1018 694 1059 inde
718 1018 836 1058 velut
856 1028 1040 1071 sponsas
1057 1013 1300 1069 procedens
1326 1012 1375 1051 de

44 1074 238 1115 thalamo
265 1088 338 1115 suo
362 1074 593 1116 exsaltavit
626 1081 677 1115 ut
703 1073 839 1129 gigas
869 1073 928 1113 ad
958 1071 1221 1113 currendam
1244 1067 1374 1108 viam.

46 1131 143 1178 (PS.
165 1129 235 1181 19,
253 1130 309 1183 6.)
348 1131 454 1173 Non
473 1132 594 1172 enim
610 1131 829 1182 tardavit3
851 1129 930 1171 sed
951 1128 1154 1169 cucurrit
1174 1126 1376 1167 clamans

46 1188 205 1238 dictis,
229 1186 383 1239 factis,
407 1194 578 1239 morte,
602 1188 716 1239 vita,
743 1187 992 1236 descensu,
1018 1185 1265 1231 adscensu,
1288 1181 1376 1221 cla-

46 1256 172 1284 mans
187 1244 487 1286 utredeamus
502 1245 558 1285 ad
578 1257 694 1285 eum.
726 1244 791 1284 Et
813 1242 1074 1284 discessit
1099 1240 1159 1279 ab
1186 1237 1377 1282 oculis,

47 1300 403 1342 utredeamus
429 1301 491 1341 ad
510 1314 614 1350 cor,
637 1305 688 1341 et
719 1300 1060 1340 inveniamus
1088 1308 1215 1336 eum.
1267 1294 1377 1333 Abs-

48 1356 192 1396 cessit
216 1356 352 1407 enim,
388 1363 434 1397 et
463 1369 571 1397 ecce
601 1355 676 1396 hic
701 1361 785 1396 est.
846 1354 1009 1395 Noluit
1031 1352 1273 1392 nobiscum
1300 1349 1379 1388 diu

48 1423 172 1461 esse,
193 1416 239 1451 et
255 1425 344 1453 non
357 1413 546 1466 reliquit
563 1425 662 1453 nos.
721 1412 838 1452 Illuc
858 1411 978 1451 enim
996 1407 1236 1456 abscessit,
1255 1405 1376 1445 unde

45 1480 287 1522 numquam
312 1470 525 1518 recessit,
552 1468 659 1522 quia
679 1467 873 1508 mundus
898 1478 980 1521 per
998 1477 1100 1505 eum
1117 1463 1268 1503 factus
1288 1469 1377 1510 est3

48 1530 95 1565 et
115 1525 163 1565 in
179 1522 267 1565 hoc
282 1525 450 1565 mundo
474 1530 586 1574 erat,
608 1531 654 1564 et
670 1525 795 1565 venit
814 1524 861 1564 in
880 1522 999 1563 hunc
1015 1519 1253 1569 mundum,
1273 1530 1378 1571 pec-

50 1586 232 1621 catores
259 1581 409 1621 salvos
436 1581 616 1632 facere3
650 1581 725 1621 cui
751 1580 996 1621 confitetur
1019 1578 1170 1617 anima
1186 1587 1308 1624 mea,
1335 1579 1381 1613 et

50 1642 183 1677 sanat
201 1649 312 1687 eam,
334 1638 439 1691 quia
455 1637 667 1690 peccavit
683 1637 768 1677 illi.
818 1635 929 1677 Filii
946 1634 1195 1682 hominum,
1214 1641 1378 1683 usque-

50 1705 138 1746 quo
159 1705 320 1747 graves
341 1693 507 1734 eorde?
537 1692 768 1746 Numquid
787 1695 952 1746 etpost
965 1690 1237 1731 descensum
1254 1687 1377 1726 vitae

48 1761 139 1789 non
151 1749 286 1790 vultis
301 1750 583 1790 adscendere
598 1755 644 1790 et
660 1748 841 1790 viveres}
860 1748 950 1789 Sed
970 1758 1058 1801 quo
1079 1743 1377 1789 adscenditis,

50 1806 229 1858 quando
255 1806 302 1845 in
329 1806 422 1846 alto
450 1807 585 1857 estis,
618 1811 664 1846 et
688 1806 911 1860 posuistis
940 1805 987 1844 in
1012 1803 1192 1843 coelum
1229 1812 1279 1840 os
1309 1810 1377 1837 ve-

51 1861 220 1902 strum?
247 1861 605 1914 Descendite,
629 1867 692 1902 ut
715 1859 1095 1909 adscendatis,
1119 1863 1166 1898 et
1190 1856 1378 1896 adscenae

52 1917 170 1958 datis
193 1918 248 1957 ad
265 1917 429 1959 Deum.
471 1918 715 1960 Cecidistis
737 1918 855 1959 enim
874 1913 1197 1958 adscendendo
1220 1917 1380 1952 contra

52 1986 168 2014 eum.
214 1973 302 2015 Dic
321 1975 386 2014 eis
404 1974 509 2025 ista,
527 1980 579 2016 ut
594 1975 778 2030 plorent
794 1975 841 2014 in
861 1972 1068 2014 convalle
1086 1968 1377 2024 plorationis,

53 2035 98 2069 et
121 2031 187 2070 sic
215 2042 295 2071 eos
318 2043 428 2084 rape
447 2035 598 2071 tecum
617 2031 674 2072 ad
691 2031 861 2082 Deum3
895 2030 1003 2083 quia
1020 2028 1075 2068 de
1096 2026 1260 2081 spiritu
1279 2024 1378 2062 eius

51 2084 166 2126 haec
184 2086 298 2127 dicis
318 2086 384 2128 eis
397 2118 407 2137 ,
433 2087 473 2127 si
492 2086 607 2128 dicis
626 2088 790 2129 ardens
808 2087 914 2141 igne
934 2084 1154 2126 caritatis.

141 2142 188 2182 C.
214 2142 335 2183 XIII.
395 2143 526 2183 Haec
557 2148 665 2184 tunc
696 2156 787 2183 non
824 2154 1063 2190 noveram,
1099 2144 1144 2179 et
1175 2135 1377 2176 amabam

55 2196 245 2251 pulchra
260 2198 506 2250 inferiora,
528 2204 575 2240 et
588 2199 709 2240 ibam
726 2200 771 2239 in
790 2198 1088 2252 profundum,
1110 2200 1155 2235 et
1173 2191 1380 2232 dicebam
