1514 2438
257 81 787 124 CONFESSIONUM
822 81 1025 122 LIBER
1054 81 1193 122 XIII.
1310 82 1389 122 2³9

64 175 136 211 cet
170 181 329 210 eorum
349 167 660 222 imperfectio,
696 172 746 207 ut
770 180 826 207 ex
850 172 895 207 te
918 167 1214 221 perficiantur
1238 171 1283 207 et
1304 167 1390 208 tibi

62 227 295 280 placeant,
321 237 412 265 non
437 229 589 264 autem
612 223 907 278 imperfecto,
934 229 1163 276 tamquam
1182 228 1228 262 et
1245 228 1294 263 tu
1314 236 1388 263 eo-

63 295 163 322 rum
181 280 464 336 perfectione
483 280 789 333 perficiendus
809 280 887 320 sis.
943 278 1134 333 Spiritus
1155 279 1274 319 enim
1293 286 1391 319 tuas

65 338 214 378 bonus
238 335 599 392 superferebatur
621 349 752 390 super
775 349 932 389 aquas:
966 348 1057 375 non
1077 334 1313 376 ferebatur
1337 336 1391 375 ab

70 395 157 443 eis,
191 400 421 447 tamquam
452 393 500 432 in
533 394 598 432 eis
622 392 952 445 requiesceret.
1012 391 1062 431 In
1086 391 1248 445 quibus
1273 391 1393 431 enim

69 451 361 503 requiescere
381 449 548 489 dicitur
567 448 766 502 Spiritus
783 453 889 488 tuus
907 448 1070 497 bonus,
1089 446 1173 487 hos
1192 447 1239 487 in
1257 459 1306 487 se
1323 459 1393 487 re-

71 508 311 560 quiescere
335 504 460 545 facit.
523 504 615 546 Sed
637 503 1012 558 superferebatur
1028 503 1393 556 incorruptibilis

69 568 115 602 et
137 561 523 602 incommutabilis
548 561 760 601 voluntas
783 565 884 610 tua,
908 561 1009 614 ipsa
1030 560 1077 599 in
1101 571 1150 600 se
1169 560 1257 600 sibi
1275 559 1394 600 suffi-

69 619 215 668 ciens,
247 629 384 670 super
419 630 517 657 eam
560 629 692 670 quam
720 616 899 657 feceras
922 618 1080 665 vitam,
1116 616 1188 655 cui
1210 627 1301 655 non
1325 620 1397 656 est

70 673 160 714 hoc
183 675 358 723 vivere,
389 673 512 727 quod
537 674 670 714 beate
687 673 864 723 vivere,
889 673 996 726 quia
1012 671 1125 711 vivit
1143 672 1278 711 etiam
1296 670 1394 711 flui-

70 736 173 771 tans
199 731 246 770 in
270 729 550 770 obscuritate
575 742 676 779 sua3
710 729 783 769 cui
804 733 951 768 restat
973 728 1182 769 converti
1202 728 1259 767 ad
1278 740 1394 777 eum,

71 799 98 826 a
124 799 212 839 quo
236 785 362 826 facta
389 790 479 835 est,
507 791 551 825 et
569 787 713 839 magis
731 785 969 838 magisque
987 786 1141 824 vivere
1160 784 1279 836 apud
1297 783 1394 823 fon-

70 848 162 882 tem
184 842 322 892 vitae,
348 847 394 881 et
409 842 456 881 in
474 841 643 882 lumine
663 842 761 882 eius
780 841 937 882 videre
956 841 1129 890 lumen,
1157 846 1202 880 et
1219 840 1394 893 perfici,

72 903 118 938 et
133 898 370 947 illustrari,
390 903 436 938 et
451 898 594 938 beari.

157 954 205 995 C.
228 953 283 995 V.
343 954 464 994 Ecce
488 954 678 1008 adparet
699 953 810 995 mihi
831 955 878 995 in
897 954 1155 1007 aenigmate
1175 953 1394 1001 Trinitas,

70 1010 193 1064 quod
212 1023 260 1051 es
277 1010 403 1051 Deus
421 1022 563 1060 meus,
583 1012 797 1064 quoniam
813 1014 864 1051 tu
879 1015 1010 1064 pater
1024 1009 1072 1049 in
1082 1007 1305 1062 principio
1326 1021 1394 1048 sa-

68 1067 271 1120 pientiae
294 1072 500 1117 nostrae,
536 1067 658 1120 quod
684 1072 754 1107 est
774 1072 855 1107 tua
876 1066 1102 1119 sapientia
1124 1065 1179 1105 de
1202 1070 1248 1105 te
1271 1069 1393 1113 nata,

70 1123 276 1176 aequalis
299 1123 385 1163 tibi
408 1127 454 1163 et
480 1127 745 1173 coaeterna,
769 1123 818 1163 id
841 1128 931 1173 est,
955 1123 1001 1162 in
1027 1122 1123 1162 filio
1148 1119 1398 1177 tuofecisti

71 1180 235 1219 coelam
249 1185 293 1219 et
311 1184 489 1219 terram.
549 1179 608 1220 Et
624 1179 766 1219 multa
785 1179 979 1219 diximus
999 1177 1054 1218 de
1073 1178 1189 1217 coelo
1211 1176 1332 1225 coeli,
1350 1181 1397 1216 et

73 1235 128 1275 de
144 1240 265 1275 terra
284 1234 491 1275 invisibili
507 1241 550 1274 et
563 1234 867 1288 incomposita,
889 1239 935 1274 et
954 1234 1009 1274 de
1025 1233 1176 1286 abysso
1198 1232 1394 1272 tenebro-

70 1304 137 1340 sa,
166 1291 411 1331 secundum
443 1291 662 1343 spiritalis
681 1290 977 1330 informitatis
995 1288 1268 1343 vagabunda
1285 1288 1395 1328 deli-

73 1347 199 1400 quia,
228 1347 319 1387 nisi
341 1351 692 1398 converteretur
711 1346 768 1386 ad
792 1358 913 1392 eum,
940 1358 966 1384 a
989 1358 1076 1398 quo
1103 1350 1203 1384 erat
1228 1344 1395 1397 qualis-

75 1415 266 1456 cumque
286 1403 398 1452 vita,
426 1407 471 1441 et
487 1402 823 1442 illuminatione
843 1402 975 1441 fieret
993 1401 1207 1454 speciosa
1222 1400 1330 1450 vita,
1351 1406 1398 1440 et

75 1464 197 1499 esset
217 1458 396 1498 coelum
421 1458 542 1498 coeli
567 1458 688 1507 eius,
713 1457 835 1511 quod
852 1458 972 1497 inter
990 1469 1151 1511 aquam
1172 1461 1218 1495 et
1234 1468 1398 1509 aquam

74 1520 237 1568 postea
268 1513 438 1554 factum
471 1520 554 1554 est.
614 1514 672 1553 Et
694 1513 907 1553 tenebam
930 1515 1021 1553 iam
1042 1517 1218 1565 patrem
1238 1513 1286 1552 in
1308 1510 1399 1552 Dei

74 1573 276 1621 nomine,
303 1572 379 1623 qui
394 1570 506 1610 fecit
524 1568 657 1619 haec,
683 1575 728 1609 et
747 1570 888 1610 filium
904 1571 950 1609 in
961 1567 1176 1622 principii
1196 1570 1395 1617 nomine,

72 1627 118 1667 in
166 1639 254 1681 quo
290 1626 402 1668 fecit
439 1625 574 1676 haec3
623 1631 669 1666 et
705 1626 979 1666 Trinitatem
1018 1625 1209 1665 credens
1247 1623 1396 1664 Deum

73 1696 242 1733 meum,
267 1683 403 1723 sicuti
426 1682 688 1731 credebam,
714 1683 987 1735 quaerebam
1014 1682 1061 1720 in
1079 1680 1276 1734 eloquiis
1295 1693 1395 1720 san-

74 1741 159 1779 ctis
196 1740 314 1788 eius,
349 1744 395 1779 et
428 1751 535 1779 ecce
559 1738 736 1792 spiritus
764 1744 860 1777 tans
884 1736 1245 1792 superferebatur
1266 1749 1398 1790 super

74 1807 225 1848 aquas.
284 1796 404 1835 Eece
424 1795 624 1834 Trinitas
642 1794 768 1834 Deus
791 1807 942 1844 meus,
962 1793 1100 1833 Pater
1124 1798 1170 1833 et
1185 1792 1329 1833 Filius
1351 1798 1395 1832 et

77 1850 272 1903 Spiritus
291 1856 490 1900 sanctus,
511 1856 693 1890 creator
710 1851 950 1891 universae
971 1854 1225 1890 creaturae.

162 1907 209 1946 C.
240 1905 309 1946 VI.
374 1906 465 1946 Sed
498 1919 611 1960 quae
637 1920 775 1947 causa
798 1906 968 1956 fuerat,
1004 1918 1029 1946 o
1054 1906 1207 1945 lumen
1229 1904 1394 1944 veridi-

77 1975 177 2002 cum
204 1962 308 2011 (tibi
346 1962 566 2002 admoveo
601 1976 681 2003 cor
702 1975 871 2013 meum,
896 1975 952 2002 ne
975 1973 1046 2002 me
1074 1973 1189 2000 vana
1214 1960 1393 2008 doceat,

78 2018 253 2058 discute
268 2018 482 2058 tenebras
499 2020 610 2068 eius,
627 2025 674 2059 et
687 2019 760 2059 dic
774 2018 922 2069 mihi),
940 2019 1133 2058 obsecro
1149 2021 1195 2055 te
1210 2028 1291 2068 per
1305 2028 1394 2054 ma-

77 2080 193 2113 trem
212 2075 463 2121 caritatem,
483 2075 675 2116 obsecro
695 2080 756 2125 te,
774 2076 846 2115 dic
863 2074 988 2124 mihi,
1009 2085 1123 2126 quae
1144 2083 1282 2110 causa
1298 2069 1394 2110 fue-

76 2135 160 2179 rat,
178 2136 226 2169 ut
242 2135 347 2183 post
364 2131 643 2170 nominatum
662 2132 825 2171 coelam
844 2139 887 2171 et
903 2138 1067 2170 terram
1079 2126 1334 2167 invisibilem
1354 2134 1397 2166 et

74 2185 426 2240 incompositam,
448 2192 492 2226 et
508 2186 706 2226 tenebras
725 2200 852 2240 super
872 2187 1084 2239 abyssum,
1103 2188 1198 2222 tum
1217 2182 1395 2223 demum

981 2241 1019 2281 R
1038 2243 1060 2280 2
