1514 2438
261 79 802 124 CONFESSIONUM
839 78 1046 119 LIBER
1075 77 1157 118 XI.
1289 76 1369 117 229

47 175 153 210 tura
172 172 298 217 sunt,
333 165 415 207 sed
432 166 479 206 in
500 178 573 215 ea,
604 177 718 219 quae
739 168 842 204 ante
861 168 985 212 sunt,
1013 174 1105 203 non
1125 161 1370 212 distentus,

49 225 132 266 sed
157 228 389 272 extentus,
425 234 515 262 non
540 221 789 262 secundum
812 219 1158 269 distentionem,
1192 217 1274 258 sed
1299 229 1369 257 se-

50 281 247 321 cundum
282 280 586 319 intentionem
624 289 794 330 sequor
825 276 882 316 ad
913 275 1109 329 palmam
1141 285 1367 327 supernae

47 336 328 384 vocationis,
361 335 438 375 ubi
468 334 651 374 audiam
673 345 835 374 vocem
857 331 1005 372 laudis
1029 336 1158 380 tuae,
1194 335 1240 369 et
1263 342 1368 369 con-

46 393 242 446 templer
253 391 607 431 delectationem
616 395 753 439 tuam,
764 400 848 428 nec
859 388 959 428 veni
969 391 1132 435 entem,
1144 397 1228 426 nec
1238 397 1367 438 prae-

47 454 319 489 tereuntem.
353 446 483 488 Nunc
508 458 617 486 vero
646 446 752 485 anni
767 445 858 484 mei
872 444 918 483 in
935 443 1194 498 gemitibus.
1226 441 1286 481 Et
1302 447 1368 490 tu,

49 506 266 546 solatium
278 516 443 552 meum,
460 502 817 555 Domine,pater
829 512 972 549 meus,
987 505 1201 539 aeternus
1221 509 1285 537 es.
1313 497 1370 536 At

49 573 135 615 ego
146 562 192 600 in
206 566 414 613 tempora
426 558 618 607 dissilui,
632 570 823 611 quorum
833 555 1037 596 ordinem
1046 554 1226 604 nesci03
1242 558 1287 593 et
1301 558 1368 592 tu-

45 617 288 657 multuosis
303 614 601 655 varietatibus
616 614 892 655 dilaniantur
903 611 1210 665 cogitationes
1222 621 1370 659 meae,

45 673 205 713 intima
215 673 395 712 viscera
407 672 582 711 animae
600 682 743 718 meae,
757 669 903 709 donec
915 669 962 708 in
976 673 1022 708 te
1032 665 1257 708 confluam
1266 677 1368 720 pur·

49 734 181 783 gatus
210 733 255 768 et
272 727 472 781 liquidus
489 728 595 780 igne
615 727 783 766 amoris
801 726 882 765 tui.

140 784 188 825 C.
211 784 357 823 XXX.
416 783 476 823 Et
494 782 624 823 stabo
645 787 779 835 atque
800 779 1036 821 solidabor
1052 779 1099 819 in
1116 784 1184 828 te,
1210 779 1258 817 in
1275 776 1369 827 for-v

49 854 123 882 ma
139 852 260 890 mea,
288 840 482 879 veritate
504 844 602 890 tua3
634 850 720 878 nec
744 837 891 890 patiar
910 837 1204 890 quaestiones
1222 832 1367 873 homi-

51 910 177 946 num,
212 896 289 949 qui
309 894 495 949 poenali
519 894 680 935 morbo
704 892 805 948 plus
830 894 991 932 sitiunt
1018 903 1151 945 quam
1169 890 1367 942 capiunt,

54 959 99 993 et
132 952 307 992 dicunt:
358 951 477 1000 Quid
507 950 710 991 faciebat
730 949 856 989 Deus
892 953 995 988 ante
1030 959 1163 1001 quam
1192 945 1371 986 faceret

55 1008 233 1048 coelum
258 1013 304 1048 et
326 1006 520 1047 terramz
564 1007 652 1046 Aut
677 1005 784 1059 quid
804 1005 847 1044 ei
862 1004 989 1044 venit
1003 1005 1049 1044 in
1061 1009 1286 1052 mentem,
1318 1006 1371 1041 ut

53 1064 225 1117 aliquid
242 1063 436 1112 faceret,
459 1076 558 1103 cum
577 1068 711 1102 antea
728 1073 966 1114 numquam
987 1060 1159 1113 aliquid
1177 1057 1371 1098 fecerit!

50 1119 123 1160 Da
138 1120 248 1170 illis,
267 1119 483 1168 Domine,
501 1118 618 1158 bene
639 1118 846 1172 cogitare
868 1116 976 1170 quid
995 1116 1162 1164 dicant,
1183 1120 1228 1154 et
1245 1115 1369 1153 inve-

50 1177 165 1226 nire,
187 1176 292 1229 quia
309 1188 399 1215 non
419 1175 586 1215 dicitur
603 1186 859 1226 numquam,
881 1172 957 1212 ubi
975 1184 1065 1211 non
1086 1176 1156 1210 est
1172 1176 1368 1222 tempus.

55 1233 190 1281 Quod
209 1244 318 1285 ergo
342 1231 509 1271 dicitur
526 1242 769 1283 numquam
785 1227 970 1275 fecisse,
991 1227 1098 1279 quid
1117 1226 1241 1265 aliud
1259 1225 1372 1268 dici-‚

49 1293 144 1337 tur,
177 1288 267 1327 nisi
284 1287 408 1326 nullo
427 1292 634 1340 tempore
652 1283 845 1325 fecisse‘3
886 1282 1085 1323 Videant
1101 1282 1253 1334 itaque
1275 1280 1372 1320 nul-

50 1344 144 1384 lum
179 1348 357 1396 tempus
394 1353 495 1382 esse
528 1353 665 1394 posse
700 1341 797 1380 sine
824 1344 1055 1387 creatura,
1091 1342 1136 1376 et
1164 1337 1375 1376 desinant

51 1400 188 1439 istam
225 1400 473 1438 vanitatem
512 1397 654 1449 loqui.
714 1394 1030 1435 Extendantur
1069 1393 1205 1432 etiam
1236 1393 1283 1431 in
1319 1404 1374 1430 ea

54 1466 169 1508 quae
189 1459 291 1493 ante
311 1459 438 1503 sunt,
472 1458 518 1492 et
532 1452 796 1505 intelligant
811 1456 857 1490 te
877 1455 980 1490 ante
1001 1450 1151 1489 onmia
1164 1454 1373 1501 tempora

55 1517 289 1550 aeternum
309 1514 564 1549 creatorem
584 1509 783 1548 omnium
800 1512 1054 1559 temporum
1067 1535 1077 1554 ‚
1112 1516 1259 1558 neque
1277 1503 1372 1543 ulla

52 1573 261 1620 tempora
290 1565 375 1606 tibi
401 1577 502 1605 esse
528 1572 793 1619 coaeterna,
828 1575 911 1602 nec
934 1561 1074 1601 ullam
1098 1566 1368 1608 creaturam,

54 1625 191 1663 etiam
210 1622 250 1662 si
268 1627 338 1661 est
356 1621 508 1675 aliqua
526 1633 661 1674 supra
678 1625 899 1672 tempora.

137 1679 184 1719 C.
211 1677 380 1717 XXXI.
439 1677 635 1717 Domine
660 1675 786 1715 Deus
827 1687 978 1723 meus,
1014 1673 1114 1726 quis
1137 1672 1217 1713 ille
1242 1672 1368 1713 sinus

56 1740 127 1776 est
151 1734 233 1773 alti
257 1733 426 1774 secreti
445 1733 511 1773 tui
527 1763 538 1783 ,
573 1738 619 1772 et
643 1744 775 1785 quam
793 1731 931 1785 longe
948 1730 1055 1770 inde
1073 1741 1144 1769 me
1162 1730 1368 1782 proiece-

53 1794 160 1832 runt
177 1789 506 1843 consequentia
524 1788 797 1828 delictorum
814 1785 1046 1827 meorum?
1072 1784 1192 1827 Sana
1209 1784 1368 1824 oculos

54 1858 204 1894 meOS‚
241 1850 287 1885 et
320 1844 633 1898 congaudeam
656 1844 750 1884 luci
771 1848 892 1883 tuae.
956 1842 1091 1882 Certe
1116 1841 1156 1881 si
1183 1846 1254 1881 est
1277 1845 1367 1879 tam

56 1901 219 1956 grandi
243 1901 436 1941 scientia
460 1905 506 1940 et
526 1900 835 1953 praescientia
856 1898 1035 1953 pollens
1062 1897 1260 1945 animus,
1296 1895 1369 1934 cui

53 1962 217 1999 cuncta
240 1957 492 2011 praeterita
516 1963 562 1995 et
583 1955 736 1996 futura
757 1957 822 1995 ita
844 1960 954 1994 nota
979 1954 1088 2003 sint,
1124 1952 1242 1992 sicut
1258 1948 1371 1990 mihi

50 2027 189 2054 unum
224 2012 450 2054 canticum
487 2012 798 2061 notissimum,
834 2011 1022 2050 nimium
1047 2007 1269 2048 mirabilis
1300 2010 1370 2044 est

51 2070 227 2109 animus
253 2069 362 2117 iste,
397 2072 532 2120 atque
556 2067 612 2107 ad
635 2066 875 2107 horrorem
901 2064 1169 2118 stupendus:
1203 2061 1367 2114 quippe

52 2137 186 2178 quem
207 2125 274 2164 ita
297 2136 388 2164 non
411 2123 554 2162 lateat
578 2122 797 2176 quidquid
817 2127 1053 2176 peractum
1078 2123 1124 2158 et
1148 2115 1369 2170 quidquid

50 2180 277 2234 reliquum
296 2179 585 2220 saeculorum
604 2184 691 2229 est,
714 2175 1091 2233 quemadmodum
1108 2185 1179 2214 me
1197 2185 1287 2213 non
1305 2171 1367 2211 la-
