1514 2438
305 129 835 173 CONFESSIONUM
865 131 1069 173 LIBER
1100 134 1154 173 X.
1315 135 1392 175 193

71 216 205 255 deor:
223 213 424 255 fortasse
442 213 595 256 fallor.
637 215 751 257 Sunt
771 219 889 258 enim
908 222 953 257 et
969 219 1085 258 istae
1105 218 1390 273 plangendae

65 271 300 321 tenebrae,
313 272 358 311 in
378 270 540 325 quibus
557 284 628 312 me
646 272 760 313 latet
777 272 971 314 facultas
989 287 1103 325 mea,
1124 287 1238 328 quae
1255 276 1303 320 in
1320 289 1391 315 me

68 332 160 377 est,
188 332 239 367 ut
264 328 437 368 animus
460 340 588 367 meus
613 328 666 368 de
690 330 862 370 viribus
886 330 980 370 suis
1003 332 1101 384 ipse
1126 343 1174 370 se
1198 332 1392 372 interro-

66 395 201 437 gans,
238 395 330 423 non
361 382 498 424 facile
533 384 621 424 sibi
639 385 915 426 credendum
935 387 1184 437 existimet,
1225 390 1331 441 quia
1348 395 1394 428 et

67 439 189 492 quod
205 440 346 489 inest,
364 439 630 493 plerumque
651 442 880 482 occultum
900 448 983 492 est,
1003 444 1093 483 nisi
1110 445 1395 496 experientia

64 494 396 536 manifestetur.
455 495 707 550 Et‘nemo
747 510 970 538 securus
1002 511 1118 539 esse
1148 500 1309 540 debet
1340 501 1393 540 in

62 551 175 591 ista
228 552 358 599 vita,
422 565 552 606 quae
603 558 721 593 tota
773 557 1007 595 tentatio
1066 557 1386 596 nominatur:

64 612 213 647 utrum
236 609 312 660 qui
333 608 432 648 fieri
455 610 605 662 potuit
629 621 685 649 ex
708 609 939 651 deteriore
972 612 1155 662 melior,
1189 625 1278 652 non
1315 613 1394 652 fiat

65 665 202 703 etiam
234 676 289 704 cx
320 664 512 704 meliore
537 664 754 706 deterior.
815 667 914 706 Una
936 680 1060 721 speS,
1094 681 1184 708 una
1208 669 1391 718 fiducia,

64 732 154 759 una
171 719 300 759 firma
317 721 580 772 promissio,
602 722 922 763 misericordia
938 729 1030 763 tua.

149 776 197 815 C.
223 775 431 816 XXXIII.
492 776 765 831 Voluptates
790 780 967 819 aurium
988 781 1194 821 tenacius
1219 794 1290 821 me
1313 782 1391 821 im-

63 831 347 884 plicaverant
369 838 415 872 et
431 833 810 887 subiugaverant3
844 836 925 875 sed
941 836 1197 887 resolvisti,
1218 843 1263 877 et
1280 837 1392 878 libe-

62 889 178 928 rasti
199 899 285 928 me.
345 887 475 929 Nunc
496 890 543 929 in
568 891 714 940 sonis,
742 903 856 943 quos
879 894 1080 932 animant
1099 893 1283 947 eloquia
1300 899 1391 942 tua,

66 956 166 982 cum
195 946 322 984 suavi
348 949 393 984 et
417 945 669 986 artificiosa
691 959 804 987 voce
830 953 1088 999 cantantur,
1113 948 1285 999 fateor,
1312 950 1393 989 ali-

65 1000 332 1052 quantulum
350 1000 613 1055 adquiesco,
627 1015 718 1042 non
737 1003 919 1057 quidem
937 1010 986 1044 ut
1002 1003 1230 1056 haeream,
1244 1006 1326 1046 sed
1343 1011 1393 1045 ut

65 1067 269 1108 surgam,
305 1069 404 1096 cum
438 1057 559 1097 volo.
620 1059 676 1098 At
697 1063 850 1100 tamen
875 1074 976 1101 cum
996 1062 1109 1115 ipsis
1133 1062 1392 1112 sententiis,

65 1112 227 1164 quibus
247 1114 417 1162 vivunt,
429 1118 479 1153 ut
496 1113 792 1155 admittantur
809 1116 866 1156 ad
883 1129 969 1167 me,
988 1123 1212 1171 quaerunt
1228 1120 1275 1159 in
1294 1130 1392 1160 cor-

64 1168 120 1207 de
147 1179 248 1207 meo
274 1169 536 1210 nonnullius
560 1170 797 1224 dignitatis
822 1172 994 1224 locum,
1020 1179 1065 1214 et
1085 1175 1162 1216 vix
1180 1175 1245 1215 eis
1265 1187 1392 1228 prae-

63 1222 151 1263 beo
169 1231 511 1278 congruentem.
569 1227 825 1280 Aliquando
848 1231 966 1270 enim
983 1230 1083 1284 plus
1102 1229 1213 1271 mihi
1230 1231 1393 1271 videor

63 1277 254 1320 honoris
289 1282 353 1321 eis
384 1283 587 1323 tribuere
611 1296 744 1335 quam
769 1285 921 1335 decet,
958 1286 1063 1326 dum
1083 1288 1196 1340 ipsis
1221 1288 1391 1327 sanctis

65 1334 200 1376 dictis
224 1336 491 1390 religiosius
517 1343 563 1378 et
585 1339 819 1380 ardentius
841 1342 990 1382 sentio
1014 1344 1190 1383 moveri
1215 1343 1390 1383 animos

60 1397 247 1432 nostros
266 1393 312 1432 in
329 1392 552 1433 flammam
570 1396 771 1447 pietatis,
787 1408 886 1436 cum
901 1397 969 1437 ita
986 1403 1239 1449 cantantur,
1259 1411 1393 1452 quam

63 1448 102 1487 si
132 1460 221 1487 non
257 1449 324 1488 ita
356 1454 666 1500 cantarentur3
701 1456 746 1490 et
780 1464 935 1493 omnes
969 1452 1177 1494 adfectus
1202 1455 1390 1508 spiritus

62 1506 210 1544 nostri
233 1517 313 1557 pro
340 1507 411 1545 sui
437 1505 702 1546 diversitate
727 1505 896 1548 habere
919 1510 1131 1563 proprios
1156 1511 1317 1551 modos
1344 1512 1391 1550 in

61 1571 176 1599 voce
191 1566 325 1613 atque
339 1569 487 1611 cantu,
504 1574 695 1615 quorum
715 1564 872 1603 nescio
893 1577 980 1617 qua
999 1567 1179 1607 occulta
1196 1565 1390 1607 familia-

61 1616 197 1656 ritate
232 1618 503 1658 excitentur.
567 1617 657 1659 Sed
683 1619 931 1660 delectatio
957 1624 1104 1662 carnis
1129 1635 1279 1673 meae,
1315 1624 1390 1664 cui

59 1677 257 1711 mentem
277 1674 579 1713 snervandam
598 1686 689 1714 non
709 1680 894 1729 oportet
914 1677 1032 1727 dari,
1062 1691 1200 1733 saepe
1217 1692 1288 1719 me
1306 1678 1389 1719 fal-

59 1727 128 1776 lit,
142 1729 247 1768 dum
264 1730 489 1770 rationem
507 1743 669 1770 sensus
688 1744 779 1771 non
796 1732 861 1772 ita
879 1735 1137 1785 comitatur,
1149 1741 1200 1775 ut
1216 1737 1389 1789 patien—

60 1787 132 1822 ter
156 1785 215 1823 sit
238 1787 487 1837 posteri0r3
521 1786 604 1826 sed
626 1792 802 1827 tantum
825 1790 930 1841 quia
951 1796 1139 1844 propter
1155 1791 1281 1832 illam
1298 1803 1386 1831 me-

61 1840 154 1879 ruit
186 1840 383 1891 admitti,
419 1844 555 1882 etiam
586 1855 884 1896 praecurrere
909 1857 962 1884 ac
989 1845 1155 1887 ducere
1181 1852 1387 1888 conatur.

60 1894 131 1934 Ita
146 1896 193 1935 in
211 1894 280 1936 his
298 1910 439 1950 pecco
459 1911 549 1938 non
569 1901 791 1950 sentiens3
824 1901 905 1940 sed
922 1907 1086 1955 postea
1103 1905 1267 1943 sentio.
1298 1904 1388 1943 Ali-

63 1951 242 2004 quando
278 1958 429 1993 autem
462 1952 576 1994 hanc
606 1956 753 2007 ipsam
785 1955 1013 1998 fallaciam
1042 1959 1387 1999 immoderatius

64 2019 228 2048 cavens
249 2020 351 2048 erro
372 2009 510 2048 nimia
527 2013 796 2062 severitate3
830 2014 912 2053 sed
929 2014 1061 2054 valde
1078 2015 1322 2064 interdum,
1342 2021 1392 2053 ut

61 2063 206 2103 melos
244 2077 375 2104 omne
407 2066 735 2106 cantilenarum
759 2071 984 2119 suavium,
1020 2071 1181 2123 quibus
1205 2069 1386 2110 Davidi-

65 2130 166 2158 cum
182 2120 448 2172 psalterium
466 2120 803 2174 frequentatur,
832 2126 887 2165 ab
907 2127 1092 2166 auribus
1111 2128 1224 2166 meis
1243 2138 1383 2165 remo-

63 2175 162 2213 veri
179 2176 334 2226 velim,
355 2182 490 2229 atque
508 2177 651 2229 ipsius
671 2179 915 2230 ecclesiae,
947 2183 1180 2234 tutiusque
1198 2180 1309 2220 mihi
1327 2183 1389 2220 vi-

66 2229 219 2280 detur,
246 2232 368 2284 quod
387 2232 441 2272 de
458 2233 765 2275 Alexandrino
788 2237 1005 2290 episcopo
1024 2236 1271 2278 Athanasio
1292 2250 1390 2277 sae-

121 2293 334 2327 AUGUST.
365 2295 603 2330 Conrnss.
1010 2292 1050 2333 N
