1514 2438
292 125 809 169 CONFESSIONUM
838 128 1039 170 LIBER
1067 130 1199 174 VIII.
1326 136 1405 177 131

88 225 177 263 me,
202 225 365 254 cavens
389 214 679 254 innotescere
705 214 913 268 personis
937 215 1183 257 secundum
1201 216 1289 258 hoc
1307 232 1405 260 sae-

89 269 239 310 culum
263 269 533 318 maioribus,
559 269 763 308 devitans
781 270 827 309 in
847 270 912 310 eis
932 283 1110 313 omnem
1130 273 1404 328 inquietudi-

90 337 191 365 nem
214 325 370 375 animi,
405 337 538 378 quem
559 325 746 365 volebat
768 324 934 367 habere
959 327 1170 379 liberum,
1204 336 1248 370 et
1273 344 1406 386 quam

92 381 246 421 multis
269 386 426 434 posset
444 380 568 421 horis
587 380 800 421 feriatum
818 382 875 422 ad
894 385 1199 437 quaerendum
1218 387 1404 441 aliquid,

92 438 164 477 vel
186 437 427 491 legendum
448 437 521 477 vel
538 437 810 477 audiendum
829 438 882 478 de
903 440 1137 493 sapientia.
1200 443 1407 491 Quodam

90 493 233 547 igitur
247 493 335 544 die,
348 505 440 533 non
452 493 609 533 recolo
627 506 824 545 causam,
844 508 932 548 qua
950 504 1048 536 erat
1065 497 1227 539 absens
1247 498 1406 539 Nebri-

94 550 208 599 dius,
225 562 325 590 cum
341 561 448 590 ecce
466 549 523 589 ad
536 561 619 590 nos
636 550 817 590 domum
829 552 954 592 venit
972 552 1029 592 ad
1045 565 1115 592 me
1135 559 1181 594 et
1196 555 1406 609 Alypium

92 604 379 646 Pontitianus
413 604 612 658 quidam,
647 606 757 646 civis
789 612 947 647 noster
973 609 1019 648 in
1043 615 1257 662 quantum
1282 611 1406 661 Afer,

90 662 324 716 praeclare
342 662 388 702 in
407 662 578 716 palatio
597 662 816 714 militans,
837 664 992 704 nescio
1013 665 1120 718 quid
1138 678 1164 706 a
1181 667 1312 707 nobis
1330 680 1406 708 vo-

89 719 226 759 lebat.
285 718 343 758 Et
377 718 687 769 consedimus,
720 723 771 759 ut
799 719 1184 774 colloqueremur3
1218 728 1264 763 et
1284 722 1404 764 forte

89 787 226 829 supra
247 787 449 815 mensam
472 774 712 824 lusoriam,
738 787 852 828 quae
877 781 980 816 ante
1005 789 1087 817 nos
1108 783 1224 827 erat,
1251 780 1405 820 adten-

90 831 156 872 dit
170 831 391 881 codicem,
401 830 520 881 tulit,
537 831 728 884 aperuit,
741 831 915 872 invenit
928 833 1185 886 apostolum
1199 834 1405 886 Paulum,

87 887 320 941 inopinate
336 899 464 938 sane,
480 892 719 940 putaverat
736 888 855 928 enim
872 889 1044 942 aliquid
1063 889 1116 929 de
1136 890 1280 941 libris,
1297 904 1405 944 quo-

87 956 187 984 rum
218 942 445 997 professio
478 955 547 983 me
578 943 857 984 conterebat.
918 946 1033 985 Tum
1056 958 1164 985 vero
1192 947 1405 987 adridens

91 1012 249 1053 meque
267 999 468 1049 intuens,
489 999 788 1052 gratulatorie
806 1002 994 1041 miratus
1015 1007 1104 1051 est,
1125 1003 1245 1056 quod
1265 1016 1340 1043 eas
1361 1011 1407 1043 et

89 1056 213 1096 solas
245 1066 353 1109 prae
388 1055 532 1095 oculis
563 1056 675 1095 meis
699 1055 857 1097 literas
879 1063 1067 1111 repente
1091 1060 1404 1112 comperisset.

89 1110 373 1152 Christianus
400 1112 563 1165 quippe
589 1116 635 1152 et
658 1111 806 1152 fidelis
831 1118 950 1163 erat,
975 1122 1020 1154 et
1042 1127 1178 1169 saepe
1202 1116 1286 1155 tibi
1303 1115 1403 1155 Deo

87 1173 245 1209 nostro
257 1168 631 1222 prosternebatur
647 1168 694 1208 in
713 1168 910 1209 ecclesia
927 1170 1098 1211 crebris
1118 1177 1163 1211 et
1181 1172 1405 1212 diuturnis

91 1225 390 1265 orationibus„
451 1224 534 1264 Cui
552 1236 639 1278 ego
660 1237 761 1265 cum
786 1225 1062 1267 indicassem
1084 1228 1178 1268 illis
1200 1240 1271 1268 me
1297 1228 1405 1268 scri-

89 1281 234 1334 pturis
259 1293 413 1321 curam
438 1280 679 1321 maximam
695 1281 977 1335 impendere,
1004 1288 1130 1323 ortus
1158 1290 1228 1323 est
1254 1297 1403 1325 sermo

90 1337 190 1390 ipso
209 1341 419 1377 narrante
445 1336 499 1376 de
516 1337 712 1377 Antonio
726 1367 736 1385 ,
754 1339 979 1391 Aegyptio
999 1339 1242 1389 monacho,
1277 1341 1403 1380 cuius

91 1405 255 1433 nomen
285 1392 567 1432 excellenter
595 1393 799 1433 clarebat
827 1394 946 1447 apud
969 1406 1125 1434 servos
1153 1401 1279 1446 tuos;
1319 1410 1404 1435 nos

91 1454 242 1488 autem
263 1460 405 1501 usque
428 1448 475 1487 in
496 1448 622 1488 illam
645 1447 803 1489 horam
827 1449 1013 1490 latebat.
1076 1450 1208 1499 Quod
1229 1452 1313 1492 ille
1327 1450 1405 1494 ubi

90 1505 326 1557 comperit,
336 1505 600 1549 immoratus
617 1510 685 1544 est
698 1505 808 1545 ineo
824 1507 1289 1556 sermone,insinuans
1308 1513 1404 1547 tan-

87 1567 182 1601 tum
193 1561 337 1600 virum
348 1561 681 1614 ignorantibus,
698 1567 743 1601 et
755 1562 980 1602 admirans
995 1562 1184 1602 eandem
1201 1568 1404 1603 nostram

88 1617 407 1671 ignorantiam.
468 1616 767 1671 Stupebamus
792 1623 942 1657 autem
964 1618 1202 1658 audientes
1224 1624 1317 1659 tam
1334 1631 1402 1659 re-

88 1673 210 1713 centi
230 1673 467 1724 memoria,
494 1678 538 1713 et
555 1686 695 1727 prope
719 1675 887 1714 nostris
906 1675 1185 1728 temporibus
1203 1676 1402 1716 testatis-

87 1730 201 1769 sima
222 1729 451 1769 mirabilia
472 1734 550 1770 tua
566 1731 612 1770 in
630 1730 718 1770 fide
736 1736 863 1770 recta
881 1735 926 1770 et
944 1729 1171 1771 catholica
1189 1731 1400 1776 ecclesia.

90 1784 256 1825 Omnes
274 1785 570 1836 mirabamur,
591 1791 638 1826 et
658 1799 763 1837 nos,
783 1787 888 1840 quia
903 1791 996 1826 tam
1014 1799 1176 1841 magna
1194 1793 1336 1837 erant,
1357 1792 1402 1827 et

87 1841 187 1891 ille,
208 1841 313 1895 quia
334 1842 539 1882 inaudita
557 1843 687 1883 nobis
708 1847 850 1883 erant.
909 1843 1017 1883 Inde
1037 1855 1186 1883 sermo
1207 1843 1304 1883 eius
1325 1843 1399 1883 de-

89 1897 268 1937 volutus
293 1902 363 1937 est
386 1897 441 1937 ad
459 1900 841 1939 monasteriorum
859 1911 1045 1953 greges,
1072 1905 1116 1939 et
1132 1911 1281 1939 mores
1301 1912 1400 1939 sua-

86 1953 344 1992 veolentiae
362 1958 490 2003 tuae,
511 1960 557 1994 et
575 1955 716 1995 ubera
734 1955 916 1996 deserta
934 1956 1089 2005 eremi,
1110 1968 1298 2009 quorum
1316 1968 1399 1994 nos

87 2007 200 2048 nihil
237 2009 506 2049 sciebamus.
565 2010 623 2050 Et
660 2016 757 2051 erat
791 2012 1118 2052 monasterium
1147 2010 1402 2051 Mediolani

86 2065 268 2118 plenum
293 2065 427 2105 bonis
451 2064 667 2107 fratribus
692 2072 821 2108 extra
844 2068 969 2108 urbis
992 2068 1174 2108 moenia
1195 2067 1276 2107 sub
1299 2068 1398 2106 Am-

85 2121 242 2161 brosio
276 2121 524 2171 nutritore,
560 2129 605 2162 et
636 2135 727 2163 non
749 2136 1033 2164 noveramus.
1094 2122 1401 2163 Pel-tendebat

85 2177 186 2227 ille,
213 2182 258 2218 et
278 2177 553 2231 loquebatur
575 2177 741 2229 adhuc,
767 2185 813 2220 et
834 2193 918 2220 nos
941 2180 1106 2219 intenti
1121 2179 1396 2218 tacebamus.

85 2233 212 2276 Unde
227 2234 403 2283 incidit.
413 2239 462 2276 ut
477 2233 664 2288 diceret,
680 2236 836 2277 nescio
854 2235 1031 2333 quandp
1042 2248 1096 2320 ‘se
1112 2240 1157 2275 et
1172 2240 1265 2275 tres
1282 2234 1397 2274 alios
