1473 2443
101 115 179 153 140
416 110 693 153 AURELII
722 109 1097 153 AUGUSTINI

96 197 298 238 venirem
323 208 468 249 neque
488 195 759 246 dubitarem,
779 200 824 236 et
842 195 1091 236 extendens
1110 194 1167 235 ad
1181 207 1252 235 me
1272 195 1411 235 susci-

95 252 310 307 piendum
344 258 389 292 et
416 252 780 305 amplectendum
800 252 900 305 pias
917 264 1096 301 manus,
1129 251 1288 304 plenas
1314 262 1412 304 gre·

99 309 230 363 gibus
254 308 478 348 bonorum
504 308 827 360 exemplorum.
887 308 956 347 lbi
977 312 1047 348 tot
1072 307 1202 361 pueri
1224 312 1270 347 et
1290 306 1414 360 puel-

99 366 193 414 lae3
224 363 290 403 ibi
320 364 530 404 iuventus
554 363 718 413 multa,
752 369 798 404 et
823 364 967 404 omnis
998 368 1147 414 aetas,
1183 368 1229 403 et
1253 374 1414 416 graves

97 419 286 469 viduae,
320 424 367 459 et
387 420 591 474 virgines
614 431 747 471 anus3
781 426 826 461 et
849 420 897 460 in
920 419 1126 459 omnibus
1148 419 1248 473 ipsa
1274 418 1416 458 conti-

96 475 252 516 nentia
273 487 559 529 nequaquam
581 475 774 526 sterilis‚
809 475 890 516 sed
916 474 1112 515 fecunda
1132 479 1278 514 mater
1301 474 1418 513 filio-

98 544 197 571 rum
216 531 487 584 gaudiorum
505 531 560 571 de
577 532 743 571 marito
764 536 831 581 te,
856 531 1066 572 Domine.
1125 531 1184 570 Et
1199 530 1421 570 irridebat

95 599 167 628 me
185 587 398 627 irrisione
417 585 694 638 hortatoria,
723 588 851 639 quasi
869 587 1062 627 diceret:
1096 588 1167 627 Tu
1183 599 1275 626 non
1292 590 1418 638 pote-

97 644 161 683 ris
174 673 185 693 ‚
210 642 332 695 quod
348 643 447 693 isti,
474 640 597 696 quod
613 643 755 684 istaes.t
785 644 851 683 An
870 655 977 683 vero
996 642 1076 683 isti
1094 647 1138 682 et
1154 643 1271 683 istae
1287 643 1332 681 in
1351 653 1420 681 se-

100 704 194 740 met
207 699 318 751 ipsis
334 704 542 751 possunt,
559 711 613 739 ac
631 712 722 739 non
738 699 785 738 in
802 698 999 739 Domino
1018 698 1118 738 Deo
1137 697 1247 738 suoi
1263 697 1419 737 Domi-

100 769 184 796 nus
202 754 327 795 Deus
348 766 503 795 eorum
520 767 591 795 me
608 754 735 795 dedit
754 754 834 795 eis.
874 754 994 803 Quid
1010 755 1056 794 in
1073 759 1117 794 te
1136 759 1246 804 stas,
1267 758 1311 793 et
1330 765 1421 792 non

101 810 221 851 stastt
243 810 425 851 Proiice
443 815 488 852 te
505 811 551 850 in
570 821 693 859 eum;
723 811 819 851 noli
832 816 1051 859 metuere,
1070 822 1160 850 non
1179 822 1227 849 se
1247 809 1421 849 subtra-

103 866 203 917 het,
221 871 272 906 ut
289 865 447 918 cadas3
478 867 653 919 proiice
671 871 717 906 te
737 879 944 916 securus,
965 866 1163 919 excipiet
1181 870 1225 905 et
1244 864 1423 904 sanabit

100 928 162 962 te.
221 922 281 962 Et
298 921 622 963 erubescebam
655 923 812 973 nimis,
850 923 956 976 quia
986 922 1168 961 illarum
1200 932 1422 973 nugarum

102 990 301 1018 murmur
334 977 481 1018 adhuc
513 978 774 1027 audiebam,
810 982 857 1018 et
887 976 1228 1018 cunctabundus
1254 975 1420 1029 pende·

99 1034 216 1074 bam.
275 1033 336 1073 Et
352 1046 508 1074 rursus
527 1033 629 1083 illa,
659 1034 790 1087 quasi
808 1033 1001 1074 diceret:
1036 1032 1325 1073 Obsurdesce
1344 1031 1418 1071 ad-

100 1102 258 1129 versus
291 1089 521 1129 immunda
550 1089 632 1128 illa
661 1089 864 1129 membra
885 1094 965 1129 tua
988 1101 1124 1141 super
1146 1094 1339 1137 terram,
1371 1092 1421 1126 ut

100 1145 451 1195 niortificentur3
483 1149 668 1184 narrant
702 1145 789 1184 tibi
821 1144 1152 1184 delectationes
1165 1174 1175 1192 ‚
1218 1143 1297 1183 sed
1331 1154 1421 1181 non

102 1203 221 1240 sicut
237 1200 312 1240 lex
327 1199 513 1240 Domini
528 1199 617 1240 Dei
634 1201 714 1240 tui.
774 1200 868 1240 Ista
886 1200 1261 1239 controversiain
1282 1198 1418 1238 corde

103 1269 220 1306 meo,
240 1269 331 1295 non
348 1255 437 1295 nisi
457 1256 510 1296 de
529 1256 717 1308 meipso
739 1256 956 1296 adversus
975 1267 1045 1295 me
1064 1258 1224 1308 ipsum.
1246 1256 1299 1293 At
1314 1254 1419 1306 Aly-

102 1313 203 1365 pius
230 1311 405 1351 adfixus
428 1311 563 1351 lateri
586 1324 709 1362 meo,
734 1312 941 1352 inusitati
964 1316 1113 1351 motus
1137 1310 1225 1350 mei
1250 1310 1420 1349 exitum

101 1369 268 1408 tacitus
289 1367 623 1420 opperiebatur.
792 1387 807 1407 ι

188 1424 235 1464 C.
262 1423 360 1463 Xll.
419 1422 505 1462 Ubi
529 1434 638 1463 vero
663 1435 690 1463 a
705 1421 845 1463 fundo
865 1434 1030 1461 arcano
1050 1422 1142 1461 alta
1160 1421 1419 1461 considera-

102 1480 167 1519 tio
193 1478 441 1528 contraxit,
467 1483 512 1518 et
535 1479 768 1532 congessit
790 1483 933 1518 totam
957 1478 1187 1517 miseriam
1210 1489 1355 1516 meam
1373 1477 1420 1515 in

103 1540 397 1587 conspectum
431 1534 581 1574 cordis
607 1535 719 1579 mei,
753 1534 916 1574 oborta
941 1538 1011 1573 est
1032 1534 1236 1586 procella
1257 1533 1418 1585 ingens

103 1590 256 1630 ferens
288 1591 521 1644 ingentem
546 1589 738 1628 imbrem
758 1589 1059 1629 lacrimarum.
1120 1589 1176 1628 Et
1200 1593 1249 1628 ut
1272 1594 1419 1627 totum

104 1645 385 1686 effunderem
406 1658 505 1684 cum
522 1644 709 1684 vocibus
729 1645 836 1693 suis,
857 1644 1034 1684 surrexi
1054 1643 1108 1683 ab
1125 1644 1303 1696 Alypio.
1338 1642 1419 1683 So-

103 1702 249 1741 litudo
274 1700 385 1741 mihi
409 1701 466 1740 ad
490 1700 725 1756 negotium
741 1699 882 1740 flendi
906 1700 1054 1751 aptior
1071 1698 1417 1752 subgerebatur.

107 1758 162 1796 Et
193 1757 364 1796 secessi
398 1759 638 1807 remotius,
672 1770 803 1810 quam
833 1759 883 1797 ut
906 1759 1066 1809 posset
1087 1753 1196 1794 mihi
1223 1766 1420 1795 onerosa

105 1824 208 1852 esse
243 1812 378 1854 etiam
404 1814 500 1854 eius
526 1814 796 1866 praesentia.
857 1811 932 1853 Sic
955 1816 1062 1851 tunc
1090 1823 1235 1861 eram,
1269 1816 1315 1850 et
1338 1809 1418 1849 ille

105 1868 267 1910 sensit:
301 1869 459 1909 nescio
479 1869 587 1922 quid
605 1869 722 1908 enim
740 1872 849 1921 puto
870 1868 1088 1916 dixeram,
1106 1867 1153 1907 in
1172 1878 1260 1919 quo
1280 1866 1416 1918 adpa-

105 1925 234 1965 rebat
252 1937 390 1965 sonus
409 1925 536 1964 vocis
549 1936 676 1964 meae
689 1924 779 1964 iam
794 1922 903 1964 fletu
921 1923 1156 1977 gravidus3
1177 1928 1223 1962 et
1240 1922 1306 1962 sic
1323 1933 1418 1961 sur-

107 1992 329 2022 rexeram,
380 1980 551 2021 Mansit
569 1991 677 2033 ergo
696 1979 775 2020 ille
791 1978 870 2019 ubi
886 1978 1155 2019 sedebamus
1172 1977 1308 2018 nimie
1326 1980 1418 2016 stu-

106 2049 231 2088 pens.
291 2035 390 2090 Ego
409 2035 491 2076 sub
510 2035 700 2088 quadam
719 2035 795 2075 fici
811 2035 973 2075 arbore
992 2034 1131 2075 stravi
1147 2045 1239 2083 me,
1258 2032 1417 2072 nescio

108 2090 353 2144 quomodo,
373 2095 419 2132 et
436 2090 587 2131 dimisi
603 2088 802 2131 habenas
820 2091 1034 2139 lacrimis,
1055 2095 1100 2129 et
1115 2091 1419 2141 proruperunt

106 2147 291 2188 flumina
323 2145 559 2188 oculorum
581 2158 805 2197 meorum,
839 2145 1119 2200 acceptabile
1145 2144 1418 2184 sacrificium

105 2209 247 2244 tuum.
305 2201 364 2244 Et
386 2214 478 2244 non
495 2202 677 2261 quidem
693 2200 763 2244 his
780 2203 953 2251 verbis,
977 2200 1121 2242 sedin
1138 2198 1222 2240 hac
1240 2203 1416 2240 senten-
