1514 2438
230 82 764 126 CONFESSIONUM
793 84 1000 125 LIBER
1030 84 1145 126 XII.
1270 85 1351 126 251

26 171 84 211 tis
111 170 307 211 culmine
327 168 524 210 omnium
541 167 760 210 falsarum
779 169 1165 224 superbarumque
1185 169 1352 211 doctri-

25 239 185 267 narum
218 226 358 266 verba
381 231 692 280 superaturae.
751 225 931 267 Vellem
955 227 1142 281 quippe,
1180 227 1220 267 si
1243 232 1352 267 tunc

29 295 116 337 ego
146 295 296 324 essem
312 282 504 335 Moyses
526 283 602 331 (ex
629 281 788 322 eadem
810 295 1003 336 namque
1022 295 1174 323 massa
1196 296 1353 323 omnes

28 341 257 390 venimus;
305 343 351 379 et
388 338 496 392 quid
537 344 607 379 est
640 337 798 389 homo,
832 340 921 379 nisi
956 339 1062 392 quia
1094 351 1268 379 memor
1304 352 1352 379 es

29 395 178 447 eiust)
210 395 379 436 vellem
407 407 539 448 ergo,
568 394 608 434 si
631 400 738 435 tunc
764 407 850 449 ego
873 407 1020 435 essem
1041 395 1163 448 quod
1178 395 1282 445 ille,
1309 400 1356 435 et

26 450 141 492 mihi
164 451 244 492 abs
266 456 312 492 te
333 451 571 492 Geneseos
594 450 713 491 liber
735 451 1002 492 scribendus
1021 452 1353 505 iniungeretur,

28 508 169 549 talem
186 506 299 548 mihi
317 507 564 561 eloquendi
580 505 847 547 facultatem
865 507 984 558 dari,
1014 512 1059 548 et
1078 519 1179 548 eum
1198 513 1353 548 texen-

28 564 309 605 disermonis
322 564 521 614 modum,
534 568 585 603 ut
601 575 749 618 neque
767 564 851 613 illi,
872 564 948 617 qui
966 563 1164 604 nondum
1184 569 1356 618 queunt

25 620 313 674 intelligere,
355 619 737 675 quemadmodum
768 619 895 660 Deus
936 625 1083 671 creat,
1124 625 1353 674 tamquam

29 676 301 718 excedentia
332 677 453 717 vires
491 688 595 716 suas
619 676 742 716 dicta
765 681 1053 727 recusarent3
1087 681 1133 716 et
1153 677 1242 726 illi,
1278 677 1354 729 qui

27 732 118 773 hoc
136 734 225 773 iam
242 738 456 787 possunt,
481 733 529 772 in
548 731 799 786 quamlibet
819 745 968 772 veram
987 733 1260 772 sententiam
1280 745 1352 772 co-

27 789 216 844 gitando
235 790 490 840 venissent,
519 800 617 829 eam
636 801 728 828 non
743 789 1113 842 praetermissam
1130 789 1178 828 in
1194 789 1352 842 paucis

26 846 179 886 verbis
206 847 274 886 tui
299 844 459 885 famuli
481 845 757 898 reperirent3
792 850 837 885 et
863 845 901 885 si
926 844 1042 884 alius
1062 845 1197 884 aliam
1214 844 1350 885 vidis-

28 902 162 943 setin
184 902 286 942 luce
303 901 529 952 veritatis,
548 912 632 941 nec
651 901 753 956 ipsa
768 901 815 941 in
832 900 997 941 iisdem
1013 900 1165 942 verbis
1183 900 1351 941 intelli-

27 958 178 1013 genda
195 957 392 998 deesset.

111 1014 159 1054 C.
183 1013 369 1054 XXVII.
431 1013 560 1055 Sicut
592 1014 711 1054 enim
742 1012 846 1054 fons
879 1013 926 1053 in
951 1025 1089 1067 parvo
1113 1012 1218 1053 loco
1242 1014 1350 1054 ube·

24 1071 123 1111 rior
149 1075 240 1120 est,
265 1070 561 1124 pluribusque
585 1071 694 1110 rivis
713 1070 759 1110 in
779 1070 1000 1124 ampliora
1019 1069 1165 1124 spatia
1182 1068 1350 1109 fluxum

24 1128 273 1176 ministrat,
316 1138 448 1181 quam
483 1127 675 1180 quilibet
708 1138 865 1166 eorum
896 1126 1118 1176 rivorum,
1165 1126 1243 1178 qui
1270 1137 1352 1178 per

24 1183 169 1224 multa
191 1183 398 1223 locorum
421 1182 476 1223 ab
497 1183 660 1223 eodem
677 1182 804 1223 fonte
824 1182 1084 1234 deducitur3
1116 1182 1183 1222 ita
1199 1193 1351 1220 narra-

25 1241 92 1280 tio
118 1239 450 1292 dispensatoris
468 1240 556 1289 tui,
584 1239 957 1279 sermocinaturis
975 1238 1179 1290 pluribus
1197 1236 1351 1290 profu-

25 1303 150 1346 tura,
174 1307 314 1349 parvo
341 1296 566 1335 sermonis
589 1294 776 1334 modulo
797 1298 944 1334 scatet
961 1293 1132 1333 fluenta
1148 1292 1350 1346 liquidae

26 1352 250 1400 veritatis,
269 1350 387 1390 unde
407 1350 495 1390 sibi
513 1352 703 1404 quisque
722 1362 891 1399 verum,
913 1349 1033 1402 quod
1053 1349 1107 1389 de
1126 1347 1195 1389 his
1214 1348 1350 1388 rebus

25 1411 202 1463 potest,
221 1405 295 1446 hic
312 1406 442 1456 illud,
461 1406 541 1446 ille
559 1406 689 1455 illud,
708 1418 790 1458 per
809 1406 1046 1458 longiores
1064 1404 1351 1458 loquelarum

30 1463 276 1504 amfractus
293 1461 460 1502 trahat.
520 1462 609 1502 Alii
628 1463 766 1511 enim,
788 1474 888 1501 cum
906 1460 1019 1501 haec
1035 1461 1175 1501 verba
1192 1460 1352 1515 legunt

27 1519 104 1560 vel
122 1519 325 1569 audiunt,
346 1519 552 1571 cogitant
568 1517 716 1558 Deum
737 1518 866 1571 quasi
884 1516 1127 1567 hominem,
1148 1522 1226 1557 aut
1244 1529 1350 1571 qua-

28 1578 68 1617 si
91 1576 288 1629 aliquam
306 1574 473 1615 molem
491 1575 711 1615 immensa
726 1573 980 1626 praeditam
996 1578 1247 1626 potestate,
1273 1586 1350 1614 no·

25 1644 82 1672 vo
104 1632 300 1686 quodam
320 1636 365 1671 et
380 1631 619 1684 repentino
638 1630 825 1683 placito,
845 1634 976 1670 extra
993 1642 1041 1670 se
1059 1631 1219 1682 ipsam,
1237 1635 1345 1669 tam-

26 1700 161 1742 quam
178 1687 293 1728 locis
314 1687 586 1727 distantibus
605 1686 773 1727 fecisse
794 1686 973 1726 coelum
992 1691 1037 1726 et
1053 1691 1236 1736 terram,
1259 1686 1347 1726 duo

25 1755 192 1797 magna
209 1755 404 1796 corpora
422 1756 559 1796 supra
573 1747 619 1783 et
639 1741 773 1793 infra,
794 1742 956 1796 quibus
977 1743 1127 1782 omnia
1146 1744 1349 1782 contine-

24 1805 203 1849 rentur3
237 1804 282 1838 et
299 1812 401 1839 cum
419 1799 625 1839 audiunt:
660 1799 775 1839 dixit
790 1797 935 1839 Deus:
970 1799 1048 1838 fiat
1064 1798 1201 1848 illud,
1222 1804 1266 1838 et
1283 1797 1347 1837 fa-

27 1860 148 1895 ctum
169 1859 238 1895 est
254 1855 382 1904 illud,
403 1856 607 1909 cogitant
625 1855 762 1895 verba
780 1860 943 1908 coepta
961 1860 1006 1895 et
1023 1855 1163 1904 finita,
1186 1867 1347 1895 sonan-

25 1911 94 1951 tia
109 1911 390 1964 temporibus
406 1916 541 1964 atque
558 1910 857 1961 transeuntia,
871 1916 976 1964 post
994 1923 1185 1964 quorum
1201 1916 1346 1950 trans-

23 1967 139 2007 itum
158 1967 312 2007 statim
335 1967 582 2016 exsistere,
611 1967 734 2021 quod
757 1967 931 2007 iussum
959 1972 1048 2015 est,
1073 1972 1124 2006 ut
1155 1966 1345 2006 exsiste-

25 2027 118 2074 ret3
151 2028 197 2063 et
220 2023 261 2062 si
284 2022 392 2076 quid
414 2021 536 2062 forte
556 2022 679 2062 aliud
696 2021 784 2063 hoc
800 2023 937 2063 modo
960 2035 1016 2063 ex
1032 2021 1344 2062 familiaritate

28 2078 176 2118 carnis
198 2078 451 2131 opinantur.
511 2077 560 2117 In
578 2079 740 2132 quibus
759 2078 906 2118 adhuc
923 2078 1123 2131 parvulis
1143 2076 1346 2116 animali-

23 2133 132 2184 bus,
153 2134 257 2174 dum
272 2134 363 2174 isto
382 2132 634 2174 humillimo
655 2147 823 2188 genere
841 2136 1098 2183 verborum,
1116 2137 1346 2184 tamquam

25 2195 233 2231 materno
268 2190 371 2231 sinu
393 2201 550 2231 eorum
574 2195 783 2244 gestatur
806 2191 1068 2239 infirmitas,
1101 2188 1346 2229 salubriter
