1473 2443
118 94 201 134 200
431 90 711 132 AURELII
740 91 1122 135 AUGUSTINI

121 176 390 229 eripietur
422 175 699 216 damnante
721 180 788 216 te.
849 177 958 217 Cum
981 182 1130 217 autem
1154 188 1244 216 non
1267 187 1425 228 pecca-

122 238 193 272 tor
210 231 422 271 laudatur
437 233 485 271 in
504 231 744 272 desideriis
760 233 933 273 animae
952 245 1076 283 suae,
1087 245 1171 273 nec
1183 232 1259 285 qui
1270 231 1425 285 iniqua

123 289 245 341 gerit
261 286 548 326 benedicitur
566 287 660 336 (Ps.
680 286 798 338 9‚24.
817 287 1097 339 sec.LXX.),
1118 288 1196 328 sed
1216 287 1426 327 laudatur

126 342 260 383 homo
281 347 465 395 propter
483 343 668 396 aliquod
685 343 865 394 donum,
885 344 1005 398 quod
1024 344 1191 385 dedisti
1209 343 1265 392 ei,
1285 348 1331 383 at
1345 342 1425 383 ille

123 398 224 451 plus
252 398 421 451 gaudet
451 399 538 438 sibi
555 399 732 439 laudari
751 411 799 439 se
811 430 822 449 ‚
856 412 987 452 quam
1004 401 1150 453 ipsum
1168 399 1334 439 donum
1350 396 1425 438 ha-

123 455 232 494 bere
251 453 369 494 unde
388 453 611 505 laudatur,
645 455 781 495 etiam
798 457 885 496 iste
909 461 954 495 te
973 458 1256 508 vituperante
1275 453 1427 494 lauda-

123 516 211 549 tur.
269 509 330 549 Et
345 511 508 550 melior
524 511 613 550 iam
630 511 729 560 ille,
750 512 826 564 qui
842 511 1058 561 laudavit,
1079 524 1210 564 quam
1225 510 1330 559 iste,
1352 510 1429 562 qui

125 565 337 605 laudatus
371 571 453 606 est.
513 566 585 606 Illi
619 568 735 606 enim
767 568 936 620 placuit
968 568 1014 607 in
1045 566 1225 607 homine
1261 565 1428 605 donum

125 620 229 670 Dei,
249 619 561 673 huic'amplius
580 622 751 675 placuit
767 623 935 663 donum
953 621 1305 675 hominis‚quam
1322 620 1425 660 Dei.

210 676 256 716 C.
283 676 512 718 XXXVII.
571 679 816 718 Tentamur
838 677 907 718 his
933 678 1257 718 tentationibus
1282 676 1427 730 quoti-

126 732 213 781 die,
228 731 443 783 Domine;
461 734 557 773 sine
576 735 833 774 cessatione
851 738 1090 774 tentamur.
1151 732 1429 781 Quotidiana

122 786 287 828 fornax
308 793 466 829 nostra
491 793 560 829 est
578 787 770 830 humana
786 790 954 843 lingua.
1016 790 1212 843 Imperas
1231 788 1362 828 nobis
1381 792 1429 827 et

122 844 170 883 in
187 841 275 883 hoc
293 856 460 896 genere
479 845 819 886 continentiam.
870 847 941 886 Da
959 846 1079 900 quod
1096 845 1241 894 iubes,
1260 848 1305 883 et
1319 843 1426 882 iube

125 899 247 951 quod
268 899 351 939 vis.
412 901 483 940 Tu
507 902 629 941 nosti
655 902 710 942 de
734 900 817 942 hac
834 914 883 943 re
901 902 958 943 ad
975 907 1020 942 te
1040 901 1255 955 gemitum
1274 898 1425 940 cordis

124 953 233 1003 mei,
262 959 306 994 et
323 953 506 996 flumina
523 956 759 997 oculorum
775 969 992 998 meorum.
1051 956 1209 1010 Neque
1228 956 1346 996 enim
1363 953 1426 993 fa-

124 1009 209 1048 cile
240 1010 433 1063 colligo,
468 1024 599 1065 quam
628 1013 712 1052 sim
741 1013 794 1052 ab
818 1013 907 1054 ista
924 1018 1052 1067 peste
1069 1011 1347 1060 mundatior,
1380 1014 1427 1049 et

122 1064 312 1105 multum
343 1066 484 1106 timeo
516 1068 696 1108 occ-ulta
722 1080 843 1118 mea,
877 1081 991 1122 quae
1018 1072 1184 1108 norunt
1203 1067 1326 1107 oculi
1340 1066 1424 1115 tui,

122 1121 211 1159 mei
231 1126 384 1161 autem
402 1134 506 1163 non.
568 1122 649 1163 Est
668 1125 787 1164 enim
807 1125 1146 1178 qualiscumque
1164 1124 1211 1162 in
1230 1123 1332 1163 aliis
1351 1132 1427 1174 ge-

125 1177 306 1216 neribus
321 1178 624 1218 tentationum
642 1178 751 1219 mihi
768 1179 963 1220 facultas
983 1179 1251 1233 explorandi
1267 1188 1359 1226 me3
1378 1177 1425 1215 in

125 1230 211 1271 hoc
234 1244 377 1284 paene
403 1233 527 1274 nulla
546 1239 629 1275 est.
688 1234 801 1276 Nam
822 1240 867 1275 et
887 1249 912 1275 a
928 1235 1239 1288 voluptatibus
1259 1232 1423 1280 carnis,

125 1293 169 1326 et
198 1300 223 1325 a
253 1288 519 1329 curiositate
551 1302 889 1343 supervacanea
911 1289 1240 1344 cognosc-endi,
1274 1288 1422 1336 videm

123 1348 335 1395 quantum
353 1344 595 1386 adsecutus
614 1348 695 1386 sim
715 1359 851 1399 posse
872 1346 1103 1386 refrenare
1124 1348 1317 1385 animum
1334 1354 1423 1382 me-

122 1411 214 1447 um,
250 1412 349 1439 cum
369 1400 433 1440 eis
451 1401 587 1441 rebus
606 1414 761 1452 careo,
780 1403 853 1443 vel
873 1403 1125 1451 voluntate,
1142 1401 1216 1440 vel
1234 1413 1333 1440 cum
1351 1397 1424 1437 ab·

119 1458 236 1494 sunt.
296 1456 423 1495 Tunc
442 1458 559 1496 enim
575 1470 644 1498 me
662 1460 897 1512 interrogo
909 1489 919 1508 ,
953 1470 1084 1511 quam
1100 1457 1243 1508 magis
1261 1456 1425 1494 minus-

120 1521 172 1548 ve
204 1508 315 1549 mihi
347 1512 588 1553 molestum
621 1514 680 1553 sit
713 1527 803 1554 non
834 1513 1016 1554 habere.
1075 1512 1274 1551 Divitiae
1303 1520 1425 1555 vero,

121 1576 234 1616 quae
255 1565 311 1604 ob
331 1564 417 1606 hoc
436 1573 780 1620 expetuntur‚ut
796 1570 933 1608 alicui
950 1570 1137 1608 istarum
1153 1567 1289 1605 trium
1304 1564 1424 1616 cupi-

122 1620 309 1659 ditatum
322 1650 332 1670 ,
352 1622 425 1661 vel
443 1623 615 1664 duabus
635 1636 810 1674 earum,
830 1625 900 1664 vel
922 1624 1126 1664 omnibus
1146 1620 1364 1667 serviant,
1384 1618 1424 1657 si

120 1677 453 1727 persentiscere
477 1691 567 1718 non
588 1684 743 1731 potest
765 1680 957 1728 animus,
989 1683 1139 1718 utrum
1156 1688 1232 1716 eas
1252 1674 1423 1714 habens

121 1735 398 1782 contemnat,
417 1740 609 1785 possunt
627 1739 671 1774 et
690 1735 876 1784 dimitti,
894 1739 945 1774 ut
961 1745 1009 1773 se
1028 1733 1205 1786 probet.
1264 1729 1422 1770 Laude

118 1797 226 1826 vero
246 1791 295 1825 ut
313 1799 561 1838 careamus,
582 1794 716 1843 atque
734 1791 780 1829 in
803 1802 856 1829 eo
878 1790 1176 1842 experiamur,
1197 1786 1303 1840 quid
1321 1797 1422 1838 pos-

121 1841 300 1881 sumussss
335 1841 562 1896 Numquid
580 1846 695 1885 male
713 1846 953 1885 vivendum
972 1850 1056 1893 est,
1076 1848 1120 1883 et
1135 1848 1226 1883 tam
1244 1841 1421 1895 perdite

120 1901 254 1949 atque
272 1898 543 1948 immaniter,
558 1905 607 1939 ut
626 1913 756 1940 nemo
776 1914 858 1941 nos
877 1901 1074 1949 noverit,
1101 1899 1177 1952 qui
1195 1910 1283 1938 non
1300 1897 1422 1936 dete-

120 1953 290 1992 stetui-it
311 1953 436 2001 Quae
455 1955 599 1994 maior
618 1955 844 1997 dementia
854 1950 1422 2007 diciautcogitaripotest‘}

119 2010 174 2047 At
191 2009 230 2048 si
247 2009 393 2049 bonae
412 2009 531 2050 vitae
546 2010 859 2065 bonorumque
877 2024 1063 2064 operum
1077 2021 1228 2050 comes
1244 2012 1289 2047 et
1303 2006 1424 2047 solet

122 2069 166 2103 et
196 2063 331 2104 debet
360 2077 459 2104 esse
483 2066 705 2116 laudatio,
739 2072 829 2106 tam
856 2067 1117 2108 comitatum
1140 2065 1258 2114 eius,
1292 2073 1422 2116 quam

118 2121 260 2172 ipsam
283 2122 449 2161 bonam
466 2123 604 2162 vitam
622 2122 771 2162 deseri
791 2135 880 2162 non
900 2125 1095 2175 oportet.
1153 2117 1255 2159 Non
1274 2123 1423 2157 autem

119 2176 393 2225 senti0,sine
414 2190 500 2230 quo
522 2190 622 2218 esse
642 2182 718 2218 aut
737 2190 879 2231 aequo
902 2179 1153 2227 animo,aut
1170 2186 1306 2227 aegre
1321 2184 1421 2225 pos-
