1514 2438
291 142 814 186 CONFESSIONUM
842 142 1046 183 LIBER
1074 140 1159 183 IX.
1305 140 1383 180 153

65 229 378 271 remeabamus
396 232 443 270 in
458 228 669 270 Africam.
700 227 759 268 Et
777 241 878 269 cum
896 227 1012 282 apud
1033 229 1153 268 ostia
1169 225 1388 266 Tiberina

67 298 286 336 essemus,
304 291 448 326 mater
467 285 682 326 defuncta
700 290 782 325 est.
842 285 988 324 Multa
1004 288 1260 338 praetereo,
1281 284 1388 335 quia

64 342 255 383 multum
270 341 455 382 festino.
489 342 654 395 Accipe
675 339 991 381 confessiones
1010 351 1133 380 meas
1154 344 1198 379 et
1216 339 1387 392 gratia-

63 410 164 438 rum
181 399 402 448 actiones,
429 397 556 438 Deus
586 409 729 447 meus,
749 397 804 437 de
822 397 958 437 rebus
977 394 1384 436 innumerabilibus

66 455 204 494 etiam
219 456 267 495 in
283 454 483 494 silentio.
518 453 609 495 Sed
626 466 717 493 non
734 454 994 507 praeteribo
1009 483 1019 502 ,
1039 450 1258 506 quidquid
1275 448 1387 490 mihi

65 512 216 550 anima
231 510 426 564 parturit
443 510 497 550 de
514 510 595 550 illa
610 509 780 549 famula
795 514 888 559 tua,
908 520 1021 562 quae
1039 520 1110 548 me
1129 506 1384 561 parturivit,

66 571 114 606 et
136 578 292 616 carne,
315 571 366 606 ut
386 566 434 606 in
457 564 572 606 hanc
589 565 909 620 temporalem,
935 569 980 604 et
999 564 1159 612 corde,
1183 567 1233 602 ut
1247 564 1294 602 in
1312 574 1385 601 ae-

63 626 240 662 ternam
269 621 418 663 lucem
450 634 678 662 nascerer.
737 620 840 662 Non
874 622 992 670 eius,
1025 619 1106 660 sed
1138 624 1218 658 tua
1240 618 1386 658 dicam

65 678 185 718 dona
205 678 252 717 in
271 690 343 728 ea;
376 690 522 732 neque
543 678 661 718 enim
679 678 890 730 seipsam
907 675 1102 725 fecerat,
1128 679 1205 714 aut
1226 674 1387 714 educa-

63 738 191 773 verat
209 746 257 774 se
275 734 433 788 ipsam.
487 735 557 774 Tu
579 735 747 775 creasti
764 745 876 783 eam,
895 745 979 773 nec
996 737 1125 786 pater
1141 743 1226 772 nec
1242 735 1386 769 mater

65 789 255 839 sciebat,
277 790 423 843 qualis
445 802 501 830 ex
519 791 584 830 eis
604 790 749 830 fieret.
782 789 841 828 Et
860 789 1057 829 erudivit
1074 801 1173 829 eam
1190 788 1236 827 in
1253 787 1384 828 timo-

62 857 113 885 re
151 850 232 885 tuo
271 847 402 900 virga
424 845 594 886 Christi
615 846 702 895 tui,
741 845 945 898 regimen
971 846 1095 885 unici
1118 844 1201 884 filii
1233 845 1303 884 tui
1336 844 1383 883 in

65 900 200 941 domo
220 901 347 941 fideli
369 903 490 943 bono
516 902 719 941 membro
748 901 971 941 ecclesiae
993 906 1116 940 tuae.
1175 899 1271 940 Nec
1287 905 1383 939 tan-

63 963 156 996 tam
178 969 290 1011 erga
310 971 438 998 suam
461 958 747 1011 disciplinam
770 957 1057 1010 diligentiam
1079 956 1237 996 matris
1256 967 1383 1009 prae-

65 1012 261 1063 dicabat,
281 1020 494 1067 quantam
513 1013 708 1054 famulae
729 1013 963 1053 cuiusdam
977 1013 1252 1065 decrepitae,
1269 1023 1383 1065 quae

62 1073 238 1122 patrem
273 1072 369 1110 eius
391 1069 611 1110 infantem
633 1074 915 1122 portaverat,
950 1070 1068 1108 sicut
1092 1069 1229 1108 dorso
1256 1080 1385 1121 gran-

65 1125 370 1166 diuscularum
388 1126 639 1180 puellarum
656 1125 832 1178 parvuli
849 1125 1025 1179 portari
1042 1126 1207 1165 solent.
1247 1124 1386 1163 Cuius

63 1180 132 1220 rei
158 1181 325 1234 gratia,
352 1188 397 1222 et
419 1187 608 1235 propter
633 1186 865 1222 senectam
884 1194 936 1221 ac
953 1193 1105 1221 mores
1127 1182 1323 1233 optimos
1341 1180 1388 1219 in

65 1237 200 1277 domo
221 1235 480 1278 Christiana
497 1238 606 1278 satis
625 1251 650 1277 a
670 1238 864 1278 dominis
883 1236 1207 1277 honorabatur.
1258 1236 1387 1276 Unde

62 1293 203 1332 etiam
221 1305 374 1334 curam
392 1294 720 1335 dominicarum
740 1294 933 1334 filiarum
947 1324 957 1344 ,
977 1293 1264 1334 commissam
1283 1291 1386 1340 sibi,

65 1348 313 1402 diligenter
346 1350 556 1403 gerebat,
591 1355 635 1389 et
666 1355 764 1391 erat
795 1351 841 1389 in
873 1351 939 1389 eis
964 1348 1252 1397 coercendis,
1287 1360 1388 1388 cum

67 1416 179 1457 opus
202 1409 344 1454 esset,
365 1411 522 1446 sancta
540 1407 786 1446 severitate
805 1404 1070 1453 vehemens,
1090 1410 1225 1457 atque
1244 1405 1290 1443 in
1309 1403 1385 1443 do-

66 1460 222 1500 cendis
234 1461 389 1500 sobria
406 1460 661 1516 prudentia.
691 1460 804 1501 Nam
818 1474 894 1500 eas
914 1466 1094 1513 praeter
1111 1460 1213 1500 illas
1232 1458 1385 1507 horas,

66 1515 227 1569 quibus
253 1516 310 1557 ad
331 1530 533 1558 mensam
556 1522 791 1571 parentum
814 1517 1181 1557 moderatissime
1207 1515 1385 1555 aleban-

65 1577 159 1622 tur,
185 1574 364 1615 etiamsi
383 1574 736 1614 exardescerent
753 1573 850 1622 siti,
874 1585 957 1612 nec
976 1585 1137 1626 aquam
1153 1571 1311 1611 bibere
1330 1572 1385 1610 si-

28 1631 32 1636 ’
66 1628 223 1679 nebat,
248 1642 525 1684 praecavens
546 1629 922 1671 consuetudinem
939 1629 1122 1678 malam,
1152 1633 1197 1667 et
1214 1627 1385 1667 addens

67 1685 251 1725 verbum
276 1699 451 1726 sanum:
486 1686 658 1736 „Modo
685 1698 845 1739 aquam
867 1685 1045 1734 bibitis,
1073 1684 1179 1738 quia
1195 1685 1242 1724 in
1258 1688 1386 1737 pote-

67 1744 185 1780 state
209 1742 363 1782 vinum
387 1754 477 1782 non
503 1740 702 1793 habetis3
737 1754 836 1781 cum
858 1746 1009 1782 autem
1033 1741 1088 1780 ad
1106 1741 1296 1780 maritos
1316 1751 1386 1778 ve-

66 1798 243 1848 neritis,
262 1797 411 1838 factae
432 1797 640 1838 dominae
660 1796 983 1852 apothecarum
1016 1802 1060 1836 et
1079 1796 1385 1842 cellariorum,

70 1863 186 1905 aqua
209 1854 435 1904 sordebit3
468 1855 549 1895 sed
571 1868 669 1895 mos
689 1854 879 1909 potandi
896 1852 1228 1907 praevalebit.“
1286 1851 1386 1891 Hac

67 1909 246 1950 ratione
271 1911 581 1963 praecipiendi
606 1915 651 1950 et
674 1911 948 1950 auctoritate
967 1907 1221 1961 imperandi
1238 1906 1387 1947 frena·

66 1963 145 2004 bat
163 1965 423 2005 aviditatem
441 1967 683 2006 tenerioris
704 1968 886 2016 aetatis,
912 1970 958 2006 et
974 1966 1118 2019 ipsam
1134 1964 1387 2017 puellarum

69 2020 191 2060 sitim
208 2019 436 2062 formabat
454 2021 510 2061 ad
528 2020 766 2063 honestum
784 2023 982 2073 modum,
1000 2026 1050 2062 ut
1065 2021 1156 2060 iam
1173 2033 1257 2060 nec
1274 2019 1385 2059 libe-

68 2080 158 2125 ret,
187 2077 309 2130 quod
331 2089 423 2118 non
447 2077 646 2118 deceret.
703 2077 762 2118 Et
779 2082 1066 2132 surrepserat
1082 2081 1249 2125 tamen,
1269 2075 1388 2114 sicut

68 2129 178 2172 mihi
194 2133 288 2173 filio
304 2132 474 2173 famula
484 2138 564 2173 tua
579 2135 806 2184 narrabat,
819 2137 1106 2187 surrepserat
1124 2134 1167 2172 ei
1182 2130 1385 2170 vinolen-

71 2188 150 2228 tia.
202 2188 317 2229 Nam
336 2202 435 2229 cum
454 2189 509 2229 de
526 2201 653 2229 more
669 2194 898 2244 tamquam
916 2189 1070 2243 puella
1087 2188 1243 2227 sobria
1258 2186 1383 2226 iube-

70 2248 196 2283 retur
208 2245 508 2299 aparentibus
527 2244 582 2285 de
601 2257 715 2295 cupa
730 2247 882 2287 vinum
899 2246 1181 2299 depromere,
1197 2240 1386 2283 submis-
