1514 2438
282 106 819 149 CONFESSIONUM
849 106 1058 147 LIBER
1096 106 1152 147 X,
1311 108 1389 145 ZGL

77 194 182 244 sim,
217 194 307 234 nisi
339 207 440 234 cum
463 193 675 235 abfuerit.
739 193 861 242 Quid
881 193 1024 247 igitur
1041 193 1127 233 tibi
1144 193 1188 231 in
1207 190 1297 231 hoc
1316 203 1391 244 ge-

78 263 183 290 nere
203 251 492 299 tentationis,
526 249 746 300 Domine,
767 248 1017 290 confiteor?
1051 247 1189 297 Quid,
1210 247 1297 288 nisi
1316 247 1391 287 de-

77 307 240 347 lectari
255 318 327 346 me
344 306 574 357 laudibus3
601 306 683 346 sed
701 306 893 359 amplius
913 307 1013 359 ipsa
1028 307 1239 354 veritate,
1261 316 1394 358 quam

78 362 313 404 laudibus}
347 361 462 403 Nam
494 363 535 402 si
570 361 681 404 mihi
717 368 1020 416 proponatur,
1060 366 1208 401 utrum
1239 360 1395 400 malim

77 418 252 468 furens,
302 424 379 459 aut
415 419 461 458 in
496 419 703 460 omnibus
736 418 872 459 rebus
906 430 1062 458 errans
1096 417 1151 457 ab
1186 416 1395 457 omnibus

79 474 336 516 hominibus
369 475 566 526 laudari3
599 488 655 516 an
681 479 896 516 constans
932 479 977 514 et
1008 476 1056 515 in
1088 474 1282 514 veritate
1302 485 1397 513 cer-

77 532 279 572 tissimus
304 531 359 571 ab
385 532 594 572 omnibus
617 531 890 586 vituperari,
924 531 1060 571 video
1081 531 1189 584 quid
1214 530 1395 583 eligam.

77 586 246 628 Verum
267 591 419 627 tamen
444 587 629 639 nollem,
669 593 719 628 ut
742 587 816 628 vel
840 591 1032 641 augeret
1054 585 1163 627 mihi
1183 586 1398 640 gaudium

81 643 325 684 cuiuslibet
365 643 477 684 boni
512 644 603 684 mei
641 642 913 698 suffragatio
955 643 1048 684 oris
1090 643 1245 683 alieni.
1306 641 1399 683 Sed

81 706 219 753 auget
252 699 442 751 (fateor)
476 713 567 741 non
600 700 769 751 solum,
818 701 898 741 sed
934 704 979 740 et
1009 699 1286 753 vituperatio
1319 698 1398 738 mi-

81 757 192 796 nuit.
251 756 310 796 Et
327 768 428 796 cum
445 756 537 797 ista
552 757 739 797 miseria
755 769 857 797 mea
874 756 1137 810 perturbor,
1172 755 1400 795 subintrat

82 811 191 852 mihi
211 812 470 863 excusatio,
505 825 620 866 quae
640 812 787 866 qualis
806 813 886 862 sit,
916 818 966 853 tu
983 812 1095 862 scis,
1113 811 1263 861 Deus3
1296 823 1400 850 nam

81 880 150 909 me
179 869 403 909 incertum
429 867 555 910 facit.
617 869 736 918 Quia
764 870 883 909 enim
906 868 1037 909 nobis
1054 868 1292 922 imperasti
1308 880 1401 906 non

82 929 257 965 tantum
276 924 622 976 continentiam,
642 925 691 966 id
709 930 798 975 est,
818 938 844 965 a
862 925 1023 979 quibus
1041 924 1178 965 rebus
1198 935 1401 963 amorem

85 979 398 1031 cohibeamus,
418 993 574 1021 verum
592 983 730 1022 etiam
748 982 992 1030 iustitiam,
1011 981 1058 1021 id
1077 986 1166 1031 est,
1187 992 1275 1034 quo
1298 992 1400 1019 eum

83 1036 390 1087 conferamus,
423 1049 508 1078 nec
529 1043 575 1078 te
597 1043 773 1079 tantum
799 1038 988 1078 voluisti
1009 1037 1207 1087 anobis,
1242 1049 1399 1076 verum

83 1095 218 1134 ctiam
253 1094 510 1146 proximum
548 1094 702 1148 diligi:
744 1105 880 1148 saepe
913 1092 1023 1134 mihi
1044 1094 1203 1134 videor
1222 1093 1277 1132 de
1297 1105 1398 1146 pro-

82 1148 208 1190 sectu
225 1154 302 1190 aut
320 1162 399 1203 spe
418 1151 614 1204 proximi
636 1151 854 1191 delectari
862 1163 984 1201 ,cum
1000 1150 1118 1190 bene
1136 1149 1284 1190 intelli
1292 1161 1398 1202 gen-

82 1207 141 1246 tis
173 1205 306 1246 laude
332 1206 560 1257 delector,
595 1211 642 1247 et
662 1219 820 1248 rursus
846 1208 943 1247 eius
968 1207 1088 1247 malo
1117 1206 1398 1253 contristari,

84 1275 183 1303 cum
202 1274 304 1302 eum
322 1264 458 1303 audio
477 1264 754 1316 vituperare,
771 1263 894 1317 quod
912 1268 989 1303 aut
1008 1265 1206 1316 ignorat,
1223 1266 1301 1300 aut
1317 1261 1397 1300 bo-

84 1332 192 1358 num
231 1324 317 1358 est„
392 1318 507 1359 Nam
551 1325 596 1359 et
635 1320 887 1359 contristor
919 1319 1165 1372 aliquando
1186 1316 1398 1356 laudibus

83 1375 324 1423 meis,cum
340 1375 413 1414 vel
433 1387 487 1414 ea
502 1374 746 1415 laudantur
762 1375 809 1414 in
827 1375 971 1424 1ne‚in
991 1375 1153 1427 quibus
1172 1374 1269 1426 ipse
1288 1371 1401 1412 1111111

86 1429 330 1482 displice03
363 1430 438 1470 vel
463 1433 601 1471 etiam
625 1431 748 1471 bona
763 1431 942 1470 minora
963 1435 1007 1470 et
1026 1430 1146 1469 levia
1163 1430 1306 1483 pluris
1327 1440 1399 1468 ae-

83 1486 341 1536 stimantur,
364 1499 497 1540 quam
515 1487 797 1527 aestimanda
815 1491 932 1526 sunt.
996 1485 1087 1526 Sed
1104 1499 1260 1525 rursus
1279 1485 1400 1524 unde

83 1541 206 1582 scio}
225 1543 291 1581 An
308 1547 557 1595 propterea
575 1544 641 1583 sic
659 1542 865 1592 adficior,
883 1542 989 1596 quia
1007 1542 1113 1582 nolo
1136 1542 1189 1581 de
1209 1553 1279 1581 me
1297 1542 1399 1593 ipso

84 1611 110 1638 a
136 1610 206 1638 me
237 1598 482 1639 dissentire
514 1599 803 1639 laudatorem
826 1611 994 1648 meum3
1029 1611 1120 1638 non
1146 1598 1253 1651 quia
1273 1597 1400 1637 illius

84 1654 286 1695 utilitate
304 1667 513 1705 moveor,
549 1656 631 1696 sed
650 1655 757 1709 quia
784 1654 943 1695 eadem
964 1655 1106 1705 bona,
1142 1665 1257 1708 quae
1289 1651 1403 1694 mihi

83 1710 129 1749 in
152 1723 222 1750 me
244 1711 447 1764 placent,
481 1712 756 1752 iucundiora
778 1709 890 1750 mihi
913 1716 1036 1761 sunt,
1073 1723 1173 1750 cum
1197 1715 1243 1750 et
1267 1710 1402 1750 alteri

83 1766 291 1818 placent?
322 1767 530 1816 Quodam
560 1768 697 1808 modo
724 1768 840 1808 enim
865 1780 955 1807 non
980 1779 1067 1821 ego
1089 1767 1266 1817 laudor,
1301 1779 1403 1806 cum

86 1822 140 1861 de
165 1834 235 1862 me
260 1824 490 1863 sententia
511 1836 612 1864 mea
635 1837 725 1864 nou
750 1824 982 1873 laudatur,
1018 1823 1197 1878 quando
1218 1822 1402 1876 quidem

86 1883 164 1917 aut
182 1878 263 1919 illa
280 1879 542 1931 laudantur,
568 1893 683 1933 quae
701 1878 812 1921 mihi
831 1879 1096 1934 displicent,
1119 1884 1196 1919 aut
1213 1879 1295 1919 illa
1312 1891 1401 1918 am-

86 1934 225 1988 plius,
262 1947 377 1988 quae
400 1934 512 1976 mihi
530 1949 675 1977 mmus
694 1937 891 1991 placent.
951 1936 1136 1990 Ergone
1157 1936 1212 1976 de
1231 1934 1319 1974 hoc
1337 1935 1401 1973 in-

88 1997 238 2031 certus
258 2004 356 2031 sum
373 1991 487 2031 111612
516 1991 636 2032 Ecce
654 1994 701 2033 in
721 1999 788 2042 te,
822 1994 1013 2043 veritas,
1047 1992 1203 2041 video,
1223 2004 1313 2030 non
1330 2001 1402 2029 me

86 2046 297 2087 laudibus
315 2049 429 2087 meis
447 2052 634 2101 propter
650 2061 721 2089 me
733 2079 744 2099 ,
763 2049 845 2088 sed
864 2054 1050 2103 propter
1067 2048 1265 2101 proximi
1281 2045 1406 2085 utili-

88 2107 230 2143 tatem
268 2103 444 2143 moveri
478 2110 708 2157 oportere.
768 2104 827 2145 Et
865 2109 1016 2145 utrum
1043 2105 1112 2144 ita
1135 2105 1195 2144 sit
1226 2101 1402 2141 nescio.

87 2157 239 2198 Minus
258 2158 368 2198 1111111
386 2160 433 2199 111
450 2157 535 2199 hac
552 2172 601 2200 re
623 2166 759 2201 notus
780 2174 879 2200 sum
897 2162 996 2214 ipse
1010 2191 1020 2210 ,
1041 2173 1173 2213 quam
1190 2163 1253 2198 tu.
1316 2156 1402 2197 Ob-

89 2225 221 2255 sec-ro
246 2219 311 2265 te,
346 2215 471 2255 Deus
497 2228 646 2267 meus,
681 2221 726 2257 et
748 2228 819 2257 me
842 2217 991 2271 ipsum
1013 2214 1126 2256 mihi
1148 2215 1320 2263 indica,
1355 2218 1404 2252 ut
