1473 2443
128 121 210 162 256
458 122 729 164 AURELII
757 122 1122 166 AUGUSTINI

212 206 258 246 C.
284 205 470 247 XXXII.
531 206 794 258 Postremo,
820 207 1038 259 Domine,
1064 210 1139 262 qui
1155 208 1281 250 Deus
1307 222 1375 260 eS‚
1402 218 1447 251 et

125 274 216 302 non
241 274 346 301 caro
368 267 412 302 et
431 263 637 317 sanguis,
664 264 702 304 si
721 264 829 318 quid
845 262 982 304 homo
1001 265 1147 306 minus
1166 265 1305 316 videt,
1323 279 1448 306 num-

127 318 234 371 quid
253 323 298 357 et
318 317 535 371 Spiritum
552 324 678 359 tuum
695 319 878 370 bonum,
900 321 973 373 qui
994 321 1188 361 deducet
1203 333 1275 362 me
1293 322 1339 361 in
1356 326 1444 362 ter·

123 386 218 412 ram
235 379 421 424 rectam,
440 374 584 415 latere
602 376 766 428 potuit,
785 375 1005 429 quidquid
1023 389 1124 418 eras
1141 377 1187 417 in
1206 378 1272 418 eis
1291 378 1443 418 verbis

124 434 172 468 tu
189 430 286 482 ipse
306 430 592 471 revelaturus
610 431 869 485 legentibus
888 433 1107 486 posteris,
1133 434 1270 473 etiam
1289 434 1328 473 si
1345 434 1440 483 ille,

124 497 204 538 per
227 497 358 538 quem
383 485 504 526 dicta
527 491 653 537 sunt,
676 499 811 527 unam
832 485 1045 528 fortassis
1069 500 1125 529 ex
1149 489 1302 529 multis
1321 490 1442 530 veris

122 544 400 582 sententiam
427 542 671 596 cogitavit?
704 542 837 592 Quod
859 544 898 583 si
914 543 981 583 ita
998 549 1087 595 est,
1112 546 1172 585 sit
1187 546 1328 598 igitur
1345 545 1441 595 illa,

123 609 255 649 quam
289 598 533 651 cogitavit,
567 600 762 639 caeteris
797 598 1038 640 excelsior.
1097 599 1241 641 Nobis
1275 606 1441 651 autem,

119 651 338 703 Domine,
358 659 435 693 aut
451 654 596 706 ipsam
615 654 896 704 demonstra,
918 660 996 695 aut
1015 668 1146 708 quam
1163 656 1314 710 placet
1331 658 1441 696 alte-

119 720 217 748 ram
238 721 410 760 veram3
442 714 492 749 ut
509 710 603 750 sive
623 711 755 751 nobis
774 709 862 750 hoc
875 741 885 760 ,
918 711 1039 764 quod
1059 712 1193 752 etiam
1210 712 1279 751 illi
1297 710 1441 752 homi-

120 765 166 803 ni
183 768 262 804 tuo
275 795 285 814 ,
314 766 409 805 sive
435 765 558 806 aliud
577 778 633 807 ex
652 766 914 807 eorumdem
931 768 1173 808 verborum
1194 768 1438 808 occasione

119 819 385 873 patefacias,
404 825 453 862 tu
470 827 621 862 tamen
637 835 813 876 pascas,
833 835 925 862 non
946 835 1074 862 error
1089 823 1265 863 illudat.
1301 824 1437 874 Ecce,

117 874 314 916 Domine
345 876 471 917 Deus
505 889 655 928 meus,
690 891 823 931 quam
846 879 988 919 multa
1011 878 1066 918 de
1091 879 1246 932 paucis
1270 880 1436 929 verbis,

121 943 253 984 quam
270 933 431 982 multa,
453 945 534 972 oro
554 938 615 983 te,
636 934 917 987 scripsimus!
953 935 1079 983 Quae
1098 939 1282 975 nostrae
1300 937 1437 984 vires,

120 998 234 1039 quae
268 993 474 1040 tempora
507 989 715 1029 omnibus
749 990 878 1030 libris
900 990 991 1029 tuis
1016 991 1072 1030 ad
1094 991 1231 1031 istum
1255 991 1438 1030 modum

119 1042 361 1082 sufficient!
396 1043 501 1083 Sine
526 1046 681 1097 itaque
705 1057 776 1084 me
801 1046 983 1085 brevius
1006 1047 1051 1085 in
1074 1046 1139 1086 eis
1160 1046 1368 1087 confiteri
1385 1047 1438 1086 ti-

116 1097 187 1146 bi,
208 1102 254 1136 et
273 1098 444 1152 eligere
463 1113 600 1139 unum
618 1100 810 1153 aliquid,
831 1102 951 1153 quod
970 1106 1019 1140 tu
1036 1101 1345 1154 inspiraveris,
1364 1114 1438 1142 ve-

116 1164 238 1203 rum,
261 1153 435 1194 'certum
461 1159 507 1194 et
530 1156 720 1205 bonum,
745 1157 881 1196 etiam
907 1158 947 1196 si
968 1157 1111 1196 multa
1139 1160 1437 1208 occurrerint,

117 1208 196 1248 ubi
225 1209 367 1249 multa
401 1222 641 1250 occurrere
672 1216 906 1264 poterunt3
941 1224 995 1251 ea
1017 1212 1105 1252 fide
1131 1212 1436 1253 confessionis

116 1276 259 1314 meae,
280 1270 330 1304 ut
347 1267 387 1305 si
405 1264 491 1305 hoc
510 1266 684 1317 dixero,
705 1267 826 1320 quod
844 1270 988 1308 sensit
1005 1268 1213 1308 minister
1228 1273 1348 1318 tuus,
1368 1281 1437 1308 re-

118 1324 188 1359 cte
214 1325 350 1374 atque
376 1323 545 1374 optime
565 1322 631 1367 (id
651 1324 769 1363 enim
789 1325 943 1363 conari
964 1335 1034 1363 me
1056 1326 1280 1377 oportet);
1313 1325 1436 1378 quod

116 1375 156 1415 si
178 1375 422 1417 adsecutus
447 1389 537 1417 non
561 1377 716 1428 fuero,
740 1378 790 1419 id
812 1383 963 1419 tamen
987 1380 1154 1430 dicam,
1180 1379 1301 1434 quod
1323 1379 1434 1420 mihi

114 1442 196 1485 per
228 1432 325 1472 eius
348 1432 487 1473 verba
508 1434 677 1474 veritas
701 1439 780 1475 tua
803 1434 954 1476 dicere
976 1436 1194 1487 voluerit,
1228 1449 1341 1490 quae
1365 1437 1431 1477 illi

115 1499 296 1543 quoque
316 1488 432 1530 dixit
449 1490 570 1543 quod
587 1490 747 1531 voluit.

433 1712 824 1770 LIBER
909 1714 1099 1771 XIII.

199 1819 246 1859 C.
272 1818 305 1859 Ι.
364 1820 530 1860 Invoco
564 1825 632 1870 te,
655 1820 780 1861 Deus
804 1832 952 1871 meus,
975 1822 1292 1862 misericordia
1313 1834 1427 1871 mea,

116 1875 193 1927 qui
210 1873 362 1914 fecisti
379 1888 466 1925 me,
485 1881 531 1915 et
548 1876 739 1917 oblitum
753 1877 823 1917 tui
842 1876 1010 1916 oblitus
1028 1889 1119 1916 non
1138 1889 1201 1917 es.
1259 1877 1427 1918 Invoco

113 1935 159 1970 te
183 1931 229 1970 in
254 1932 445 1970 animam
470 1943 635 1981 meam,
661 1945 793 1985 quam
818 1944 1062 1986 praeparas
1087 1932 1144 1973 ad
1163 1933 1428 1986 capiendum

110 1991 157 2026 te
184 1997 241 2025 ex
265 1986 516 2036 desiderio,
543 1987 665 2040 quod
685 1989 880 2040 inspiras
905 1989 969 2039 ei3
1001 2001 1118 2029 nunc
1140 1989 1429 2029 invocantem

109 2047 156 2081 te
175 2053 230 2082 ne
250 2041 449 2091 deseras,
470 2042 545 2094 qui
562 2043 686 2094 prius
706 2055 836 2096 quam
854 2046 1130 2092 invocarem,
1149 2045 1428 2097 praevenisti

112 2102 158 2137 et
178 2097 391 2138 institisti.
409 2099 701 2137 crebrescens
718 2099 997 2140 multimodis
1014 2100 1217 2149 vocibus,
1236 2105 1287 2140 ut
1304 2100 1427 2140 audi-

108 2165 205 2192 rem
224 2153 278 2193 de
296 2153 546 2207 longinquo
568 2158 614 2193 et
632 2160 938 2205 converterer,
958 2160 1004 2195 et
1019 2161 1255 2196 vocantem
1272 2168 1343 2196 me
1361 2156 1425 2195 in-

108 2221 320 2250 vocarem
339 2215 398 2250 te.
461 2210 532 2250 Tu
550 2209 682 2260 enim,
700 2210 917 2261 Domine,
938 2211 1150 2252 delevisti
1170 2213 1320 2253 omnia
1336 2224 1425 2252 ma-
