1473 2443
69 113 121 151 82
395 109 662 151 AURELII
691 111 1055 153 AUGUS'PINI

151 196 198 236 C.
219 185 296 235 ill.
356 194 452 235 Nec
470 196 559 234 iam
577 194 931 248 ingemiscebam
950 196 1137 245 orando,
1156 200 1206 235 ut
1223 195 1383 237 subve-

67 253 188 291 nires
206 250 334 301 mihi3
367 251 449 290 sed
467 251 523 290 ad
542 251 846 303 quaerendum
865 252 1080 302 intentus,
1101 257 1147 291 et
1164 252 1219 291 ad
1239 252 1379 292 disse-

66 307 254 347 rendum
273 307 502 358 inquietus
523 311 619 346 erat
637 307 809 347 animus
828 319 968 346 meus.
1029 308 1268 361 Ipsumque
1283 309 1380 348 Am-

65 363 269 402 brosium
292 361 475 402 felicem
500 362 736 415 quemdam
760 361 989 402 hominem
1013 364 1260 403 secundum
1285 376 1381 403 sae-

69 419 218 458 culum
244 417 485 470 opinabar,
511 430 643 470 quem
663 419 729 457 sic
746 423 899 457 tantae
918 423 1169 471 potestates
1190 417 1382 458 honora-

66 479 185 524 rent3
221 473 473 513 coelibatus
491 479 663 512 tantum
685 474 781 513 eius
798 472 907 512 mihi
926 475 1183 514 laboriosus
1202 475 1383 514 videba-

68 535 152 569 tur.
203 529 324 577 Quid
341 534 491 568 autem
509 529 585 568 ille
606 529 700 581 spei
721 534 916 582 gereret,
942 535 987 569 et
1004 530 1220 569 adversus
1240 531 1382 583 ipsius

70 585 371 625 excellentiae
416 589 694 624 tentamenta
731 585 838 638 quid
876 585 1135 625 luctaminis
1179 584 1382 635 haberet,

69 641 233 694 quidve
253 640 489 680 solaminis
508 641 551 679 in
573 641 797 690 adversis,
818 645 863 680 et
886 642 1145 681 occultum
1172 653 1227 681 os
1253 643 1383 691 eius,

69 696 207 750 quod
238 701 352 736 erat
381 696 431 734 in
463 695 620 735 corde
653 697 784 745 eius,
818 708 949 749 quam
968 697 1126 750 sapida
1144 698 1310 750 gaudia
1329 698 1383 737 de

68 764 182 806 pane
221 756 301 791 tuo
338 752 605 799 ruminaret,
644 764 726 791 nec
761 752 990 792 coniicere
1025 765 1260 803 noveram,
1300 766 1385 793 nec

69 813 283 860 expertus
305 819 446 857 eram3
480 820 562 847 nec
580 807 658 846 ille
679 807 854 847 sciebat
871 814 1023 847 aestus
1042 821 1168 848 meos
1182 839 1192 858 ,
1217 822 1300 849 nec
1318 809 1386 848 fo-

65 877 194 903 veam
220 864 411 916 periculi
430 864 534 903 mei.
594 861 696 903 Non
722 863 840 903 enim
865 876 1084 916 quaerere
1110 865 1163 904 ab
1185 877 1239 904 eo
1259 870 1386 918 pote-

67 919 313 972 ram,quod
332 919 555 968 volebam,
576 919 694 958 sicut
711 920 934 968 volebam,
955 920 1295 960 secludentibus
1313 933 1384 960 me

69 976 123 1015 ab
149 975 247 1014 eius
274 987 382 1015 aure
410 981 543 1028 atque
565 987 643 1014 ore
666 976 859 1014 catervis
881 977 1227 1028 negotiosorum
1245 976 1386 1016 homi-

70 1044 192 1080 num,
228 1043 419 1083 quorum
454 1030 790 1070 infirmitatibus
817 1031 1064 1071 serviebat:
1099 1043 1198 1072 cum
1224 1032 1385 1086 quibus

69 1086 247 1140 quando
263 1099 354 1125 non
374 1092 484 1135 erat,
497 1086 617 1139 quod
635 1087 932 1139 perexiguum
951 1089 1169 1140 temporis
1190 1093 1389 1137 ‹ei-aeaut

68 1155 232 1196 corpus
247 1142 485 1182 reficiebat
502 1142 775 1181 necessariis
786 1144 1122 1192 sustentaculis,
1134 1149 1209 1183 aut
1228 1144 1386 1183 lectio-

69 1211 123 1238 ne
144 1198 355 1237 animum.
411 1197 501 1238 Sed
521 1210 620 1237 cum
638 1197 842 1250 legebat,
871 1198 991 1237 oculi
1010 1199 1290 1238 ducebantur
1306 1210 1387 1251 per

70 1254 258 1307 paginas
272 1284 282 1304 ,
312 1258 358 1293 et
377 1266 455 1293 cor
475 1253 758 1293 intellectum
776 1254 1045 1304 rimabatur,
1065 1267 1154 1294 vox
1173 1260 1320 1294 autem
1342 1262 1387 1293 et

69 1310 228 1363 lingua
266 1310 576 1362 quiescebant.
644 1308 789 1361 Saepe
832 1322 931 1348 cum
972 1311 1234 1349 adessemus
1277 1311 1386 1359 (non

68 1366 184 1405 enim
214 1365 452 1405 vetabatur
478 1365 713 1417 quisquam
732 1365 931 1417 ingredi,
961 1370 1037 1405 aut
1064 1367 1105 1405 ei
1132 1366 1385 1405 venientem

67 1421 267 1461 nuntiari
295 1434 392 1461 mos
416 1424 549 1472 erat),
575 1421 640 1460 sic
665 1432 766 1460 euin
792 1421 1019 1473 legentem
1037 1421 1231 1461 vidimus
1246 1422 1385 1461 tacite

68 1482 113 1517 et
130 1477 266 1517 aliter
288 1489 549 1530 numquam3
583 1476 886 1529 sedentesque
904 1477 950 1515 in
969 1477 1180 1516 diuturno
1200 1477 1383 1516 silentio

67 1533 188 1586 (quis
209 1533 328 1572 enim
346 1538 436 1572 tam
454 1535 629 1572 intento
653 1544 754 1572 esse
777 1532 905 1572 oneri
923 1532 1160 1583 auderet2)
1181 1533 1384 1572 discede-

65 1589 246 1637 bamus,
275 1593 322 1628 et
355 1589 722 1628 coniectabamus
750 1600 850 1627 eum
875 1600 1013 1640 parvo
1036 1589 1135 1640 ipso
1162 1593 1382 1640 tempore,

64 1642 186 1695 quod
204 1644 484 1695 reparandae
503 1644 644 1682 menti
662 1655 769 1682 suae
789 1644 1149 1691 nanciscebatur,
1171 1642 1385 1682 feriatum

63 1699 117 1738 ab
130 1699 323 1752 strepitu
336 1711 571 1738 causarum
584 1699 846 1747 alienarum,
858 1713 883 1737 n
891 1699 979 1737 olle
992 1699 1036 1738 in
1049 1698 1171 1737 aliud
1185 1711 1235 1737 ax·
1244 1699 1384 1748 ocari,

65 1760 110 1794 et
129 1766 290 1794 cavere
315 1753 536 1803 fortasse,
564 1766 618 1793 ne
649 1754 855 1793 auditore
880 1766 1100 1805 suspenso
1129 1759 1173 1792 et
1190 1754 1381 1803 intento,

65 1811 211 1863 siqua
237 1809 473 1849 obscurius
498 1810 732 1862 posuisset
756 1809 834 1850 ille
860 1821 990 1861 quem
1018 1809 1213 1861 legeret,
1246 1810 1382 1848 etiam

66 1877 296 1918 exponere
316 1877 504 1905 necesse
525 1870 666 1915 esset3
701 1870 778 1903 aut
796 1864 849 1903 de
870 1865 1094 1917 aliquibus
1116 1865 1380 1904 difficiliori-

62 1921 145 1960 bus
166 1921 423 1974 diseeptare
444 1920 806 1973 quaestionibus,
826 1925 959 1972 atque
991 1919 1095 1960 huic
1120 1921 1247 1972 operi
1270 1925 1379 1959 tem-

62 1977 250 2029 poribus
262 1976 649 2028 impensis,minus
667 1988 797 2028 quam
809 1977 947 2015 vellet
966 1976 1236 2015 voluminum
1258 1975 1379 2014 evol-

65 2038 215 2083 veret3
243 2044 511 2085 quamquam
530 2036 575 2071 et
593 2044 730 2071 causa
747 2032 995 2071 servandae
1015 2032 1158 2080 vocis,
1179 2042 1292 2083 quae
1311 2030 1380 2070 illi

62 2088 285 2129 facillime
320 2087 672 2135 obtundebatur,
711 2092 893 2139 poterat
926 2099 1026 2126 esse
1047 2087 1213 2126 iustior
1239 2087 1376 2125 tacite

62 2145 264 2197 legendi.
326 2143 543 2191 Quolibet
559 2148 707 2182 tamen
727 2143 874 2182 animo
894 2143 939 2181 id
960 2147 1137 2195 ageret,
1153 2142 1272 2181 bono
1293 2142 1376 2180 uti-

67 2213 153 2253 que
187 2201 265 2241 ille
299 2199 368 2241 vir
402 2199 579 2253 agebat.
642 2198 731 2239 Sed
758 2203 879 2239 certe
904 2197 1011 2238 mihi
1037 2198 1160 2238 nulla
1186 2197 1377 2237 dabatur
