1473 2443
118 84 198 123 208
446 83 715 124 AURELII
742 85 1105 127 AUGUSTINI

117 169 236 208 Ecce
257 180 344 207 vox
361 172 436 206 tua
456 168 671 220 gaudium
689 181 856 220 meum,
875 183 966 211 ‘vox
981 176 1059 211 tua
1076 183 1212 224 super
1229 170 1426 210 adfluem

115 226 226 263 tiam
244 223 540 275 voluptatum.
600 223 673 264 Da
691 226 813 279 quod
830 239 952 266 amo:
985 240 1085 267 amo
1106 229 1244 277 enim;
1277 231 1322 265 et
1340 225 1426 265 hoc

115 285 166 319 tu
193 279 373 318 dedisti.
433 278 500 319 Ne
522 279 641 320 dona
657 286 738 321 tua
756 281 963 332 deseras,
996 295 1082 322 nec
1099 281 1285 323 herbam
1303 287 1427 321 tuam

118 347 304 387 spernas
329 335 573 375 sitientem.
608 336 837 377 Confitear
854 338 952 387 tibi,
974 338 1192 393 quidquid
1207 339 1424 377 invenero

116 393 163 431 in
186 390 314 430 libris
338 391 447 440 tuis3
482 396 526 430 et
551 392 730 432 audiam
752 405 910 433 vocem
929 394 1099 444 laudis,
1135 399 1180 434 et
1196 398 1241 434 te
1259 393 1425 441 bibam,

117 451 163 485 et
187 446 472 485 considerem
494 448 721 488 mirabilia
744 449 798 488 de
820 449 924 503 lege
942 454 1041 500 tua,
1075 451 1129 490 ab
1147 461 1290 503 usque
1309 450 1426 502 prin-

119 503 258 554 cipio,
290 503 337 541 in
362 514 448 554 quo
473 501 627 543 fecisti
645 504 823 544 coelum
842 511 887 544 et
903 510 1090 555 terram,
1122 517 1268 558 usque
1286 504 1343 544 ad
1359 516 1427 543 re-

118 570 254 611 gnum
270 563 421 597 tecum
437 563 704 612 perpetuum
724 565 907 600 sanctae
935 561 1132 601 civitatis
1155 565 1277 600 tuae.
1334 559 1427 600 Do-

117 613 258 662 mine,
291 615 510 653 miserere
533 615 646 665 mei,
681 620 727 655 et
752 617 917 656 exaudi
956 616 1233 657 desiderium
1264 628 1427 656 meum.

118 668 236 708 Puto
264 670 383 709 enim
406 669 526 722 quod
545 682 634 710 non
653 672 713 712 sit
731 671 785 711 de
803 677 946 722 terra,
983 685 1074 712 non
1093 672 1148 712 de
1167 684 1277 712 auro
1298 676 1343 711 et
1361 683 1429 710 ar-

118 729 277 777 gento,
313 729 356 764 et
376 724 429 764 de
449 725 696 778 lapidibus,
716 733 795 767 aut
811 728 990 768 decoris
1008 728 1233 778 vestibus,
1255 733 1332 767 aut
1349 726 1428 765 ho-

118 780 304 819 noribus
325 785 370 819 et
387 782 712 833 potestatibus,
737 788 814 823 aut
830 783 1140 836 voluptatibus
1160 784 1328 832 carnis,
1354 794 1428 821 ne-

120 847 205 887 que
229 835 283 874 de
308 838 580 877 necessariis
605 839 809 892 corpori,
845 844 890 879 et
909 838 1014 879 huic
1032 840 1150 879 vitae
1168 838 1428 892 peregrina-

118 891 258 929 tionis
277 896 484 941 nostrae,
521 905 636 946 quae
662 895 812 933 omnia
833 895 971 935 nobis
992 895 1278 949 adponuntur
1296 905 1429 948 quae-

119 946 323 986 rentibus
348 959 538 1000 regnum
566 954 612 988 et
628 950 850 989 iustitiam
865 955 1003 990 tuam.
1063 949 1200 1000 Vide,
1233 950 1429 990 Domine

118 1000 244 1040 Deus
276 1013 425 1052 meus,
459 1003 577 1043 unde
602 1006 662 1044 sit
686 1005 964 1045 desiderium
985 1018 1148 1046 meum.
1208 1004 1429 1046 Narrave-

116 1063 222 1096 runt
238 1055 348 1096 mihi
364 1058 521 1098 iniusti
542 1060 887 1110 delectationes,
905 1061 986 1100 sed
1002 1074 1093 1101 non
1111 1063 1229 1102 sicut
1245 1061 1320 1102 lex
1337 1066 1429 1110 tua,

118 1111 329 1152 Domine.
388 1113 507 1154 Ecce
539 1116 658 1154 unde
692 1120 762 1156 est
786 1116 1062 1156 desiderium
1093 1116 1269 1156 meum‘}
1311 1115 1429 1156 Vide

120 1173 261 1222 pater,
282 1168 479 1222 adspice,
502 1175 547 1209 et
563 1171 679 1220 vide,
700 1176 746 1211 et
763 1172 982 1224 adproba;
1003 1178 1048 1211 et
1064 1173 1244 1224 placeat
1259 1174 1305 1211 in
1326 1184 1430 1211 con-

119 1228 279 1276 spectu
295 1225 640 1266 misericordiae
657 1231 784 1277 tuae,
803 1228 1007 1267 invenire
1024 1240 1095 1267 me
1114 1228 1308 1281 gratiam
1325 1231 1430 1267 ante

117 1284 183 1328 te,
218 1284 268 1318 ut
301 1282 563 1332 aperiantur
584 1281 784 1334 pulsanti
805 1282 917 1322 mihi
934 1285 1156 1323 interiora
1172 1295 1431 1323 sermonum

116 1343 311 1374 tuorum.
375 1335 578 1376 Obsecro
626 1350 707 1390 per
752 1338 997 1378 Dominum
1038 1344 1245 1379 nostrum
1280 1338 1431 1378 Iesum

120 1390 349 1430 Christum
376 1391 519 1431 filium
546 1397 694 1443 tuum,
727 1395 870 1434 virum
891 1394 1106 1435 dexterae
1124 1400 1251 1444 tuae,
1286 1394 1429 1434 filium

119 1444 313 1486 hominis
325 1477 335 1496 ,
371 1459 503 1499 quem
524 1449 805 1489 confirmasti
820 1450 906 1490 tibi
923 1451 1222 1491 mediatorem
1238 1455 1364 1490 tuum
1384 1455 1430 1489 et

117 1509 343 1551 nostrum,
384 1515 463 1555 per
497 1516 628 1556 quem
661 1517 743 1544 nos
781 1506 999 1558 quaesisti
1031 1518 1121 1545 non
1154 1510 1425 1559 quaerentes

115 1563 181 1607 te,
235 1559 458 1610 quaesisti
490 1565 661 1609 autem,
694 1566 743 1600 ut
776 1573 1095 1614 quaereremus
1125 1566 1193 1610 te,
1227 1560 1428 1601 Verbum

117 1618 261 1662 tuum,
296 1626 376 1667 per
395 1615 515 1667 quod
532 1614 687 1656 fecisti
707 1618 875 1666 onmia,
908 1617 955 1656 in
974 1616 1135 1669 quibus
1155 1621 1201 1655 et
1216 1628 1309 1665 me,
1329 1616 1424 1655 uni-

117 1681 216 1707 cum
232 1673 373 1718 tuum,
392 1682 473 1722 per
491 1683 623 1723 quem
642 1673 819 1712 vocasti
835 1672 881 1710 in
900 1671 1193 1724 adoptionem
1210 1672 1427 1725 populum

115 1723 415 1773 credentium,
448 1727 495 1765 in
520 1738 606 1778 quo
633 1731 677 1766 et
694 1739 785 1767 me:
817 1738 898 1778 per
916 1738 1015 1765 eum
1032 1731 1077 1765 te
1098 1726 1314 1777 obsecro,
1349 1727 1427 1780 qui

114 1779 245 1818 sedet
267 1780 323 1819 ad
342 1781 575 1820 dexteram
592 1786 736 1832 tuam,
772 1786 817 1822 et
831 1787 877 1821 te
895 1782 1158 1835 interpellat
1174 1795 1256 1834 pro
1275 1783 1424 1832 nobis,

111 1836 159 1874 in
192 1847 280 1888 quo
316 1841 421 1875 sunt
454 1849 608 1876 omnes
634 1836 837 1877 thesauri
860 1838 1109 1890 sapientiae
1135 1843 1180 1877 et
1205 1839 1424 1878 scientiae

112 1890 383 1931 absconditi.
442 1892 593 1943 Ipsum
623 1891 700 1945 [al.
731 1891 878 1946 ipsos]
908 1906 1075 1946 quaero
1099 1893 1295 1934 inlibris
1317 1893 1423 1933 tuis.

109 1946 299 1999 Moyses
334 1947 388 1986 de
420 1947 500 1987 illo
520 1948 715 2001 scripsit.
775 1948 879 1988 Hoc
900 1950 997 2001 ipse
1031 1951 1114 1999 ait,
1149 1947 1238 1989 hoc
1255 1950 1423 1989 veritas

113 2004 190 2042 ait.
253 2001 367 2049 (loh.
387 2001 427 2051 5,
447 2001 537 2052 46.)

196 2058 242 2097 C.
269 2058 344 2098 111.
402 2058 590 2098 Audiam
611 2064 656 2098 et
672 2059 1178 2113 intelligam‚quomodo
1197 2062 1243 2101 in
1260 2061 1422 2114 princi—

108 2114 184 2165 pio
218 2113 372 2155 fecisti
396 2114 574 2155 coelum
594 2119 639 2154 et
654 2119 837 2155 terram.
900 2115 1090 2169 Scripsit
1107 2115 1194 2156 hoc
1211 2117 1420 2169 Moyses;

109 2171 292 2221 scripsit
322 2175 368 2209 et
392 2171 524 2220 abiit,
556 2172 769 2211 transivit
794 2170 896 2211 hinc
917 2170 967 2220 [a
982 2170 1050 2224 te]
1072 2172 1127 2211 ad
1143 2177 1204 2212 te.
1263 2172 1419 2224 Neque
