1514 2438
240 115 776 162 CONFESSIONUM
802 113 1012 156 LIBER
1039 112 1151 155 XII.
1301 112 1380 151 241

48 210 113 250 vit
127 220 208 249 cor
220 219 370 247 meum
385 203 602 245 adDeum
610 215 776 252 meum,
791 214 891 241 cum
903 199 1084 241 audiret
1096 197 1290 239 interius
1306 209 1382 236 vo-

50 278 149 307 cem
163 263 314 304 laudis
331 262 443 311 eius,
459 260 568 315 quid
580 260 765 300 tandem
777 257 944 297 falsum
959 267 1062 296 esse
1078 252 1386 295 contenditisz

49 324 117 363 An
144 321 251 375 quia
274 324 373 359 erat
392 316 604 359 informis
628 315 870 364 materies,
901 313 980 354 ubi
1002 316 1192 366 propter
1214 309 1387 350 nullam

57 377 252 419 formam
266 375 418 415 nullus
432 374 545 414 ordo
563 372 685 413 erat2
702 372 791 412 Ubi
805 375 956 410 autem
972 368 1124 409 nullus
1141 367 1254 407 ordo
1272 372 1387 415 erat,

55 435 183 474 nulla
211 444 314 473 esse
347 429 618 471 vicissitudo
654 435 911 480 temporum
932 428 1134 479 poterat3
1167 429 1214 464 et
1234 428 1390 463 tamen

55 489 144 530 hoc
161 501 306 544 paene
322 486 449 535 nihil,
462 487 510 526 in
528 490 745 539 quantum
759 496 850 524 non
869 483 1052 523 omnino
1066 479 1183 521 nihil
1199 484 1311 529 erat,
1332 478 1388 518 ab

54 547 138 587 illo
158 546 315 599 utique
335 548 448 593 erat,
473 555 500 583 a
518 554 606 597 quo
628 546 699 582 est
716 539 938 594 quidquid
956 542 1049 588 est,
1073 536 1198 590 quod
1214 541 1389 576 utcum-

58 614 143 658 que
160 600 336 654 aliquid
354 605 436 641 est.
457 599 562 639 Hoc
578 609 775 652 quoque,
792 597 933 646 aiunt,
950 607 1042 635 non
1055 605 1291 647 negamus.

146 658 195 699 C.
221 656 343 698 XVI.
405 656 517 696 Cum
549 653 620 696 his
656 654 778 695 enim
808 652 916 693 volo
953 663 1109 692 coram
1141 654 1188 690 te
1216 647 1393 702 aliquid

59 714 283 768 colloqui,
323 713 451 753 Deus
475 724 626 761 meus,
671 710 748 765 qui
771 708 887 749 haec
913 707 1084 757 omnia,
1119 717 1235 760 quae
1266 705 1391 745 intus

56 773 104 812 in
126 777 276 811 mente
302 782 405 810 mea
428 781 519 809 non
546 773 672 808 tacet
695 766 866 806 veritas
890 769 990 815 tua,
1016 775 1128 804 vera
1153 774 1255 803 esse
1285 773 1392 801 con-

60 827 241 868 cedunt.
301 825 417 867 Nam
443 826 519 878 qui
545 822 659 863 haec
678 827 866 876 negant,
891 821 1062 861 latrent
1081 823 1298 874 quantum
1314 830 1392 858 vo-

57 885 170 934 lunt,
184 888 230 923 et
249 883 519 935 obstrepant
535 880 642 920 sibi:
661 878 940 933 persuadere
961 876 1178 927 conabor,
1197 880 1249 915 ut
1269 874 1393 929 quie-

60 946 209 990 scant,
237 943 284 979 et
306 940 426 979 viam
447 937 700 991 praebeant
724 935 781 976 ad
804 947 854 976 se
879 933 1021 974 verbo
1039 938 1136 974 tuo.
1199 930 1334 981 Quod
1354 931 1395 970 si

60 996 294 1037 noluerint
322 1000 367 1036 et
380 994 636 1048 repulerint
652 1004 745 1042 me,
774 991 992 1040 obsecro,
1015 989 1143 1030 Deus
1160 1000 1310 1034 meus,
1334 998 1393 1026 ne

59 1060 110 1093 tu
136 1052 275 1093 sileas
297 1064 324 1091 a
339 1063 428 1092 me.
489 1051 561 1090 Tu
579 1050 772 1104 loquere
795 1049 844 1089 in
865 1046 1004 1088 corde
1021 1057 1126 1087 meo
1144 1044 1393 1094 veraciter3

61 1109 187 1150 solus
201 1109 321 1149 enim
335 1109 402 1149 sic
419 1107 643 1160 loqueris3
677 1110 725 1145 et
742 1105 967 1146 dimittam
986 1115 1066 1144 eos
1084 1101 1201 1144 foris
1214 1099 1396 1142 sufflan-

59 1172 130 1206 tes
155 1166 203 1205 in
229 1164 465 1218 pulverem
491 1169 537 1203 et
552 1163 808 1203 excitantes
822 1166 994 1202 terram
1016 1159 1064 1200 in
1080 1158 1242 1200 oculos
1262 1169 1395 1208 suOS,·

63 1227 108 1262 et
133 1222 299 1261 intrem
322 1221 369 1261 in
395 1220 546 1261 cubile
570 1231 744 1269 meum,
769 1225 816 1259 et
840 1222 1019 1259 cantem
1041 1216 1129 1256 tibi
1153 1212 1395 1262 amatoria,

63 1289 250 1333 gemens
263 1276 596 1317 inenarrabiles
612 1275 809 1330 gemitus
821 1276 869 1316 in
884 1272 1260 1327 peregrinatione
1276 1281 1397 1320 mea,

64 1342 111 1375 et
126 1334 375 1374 recordans
401 1332 673 1381 Ierusalem,
701 1335 887 1372 extento
911 1329 959 1368 in
978 1340 1079 1368 eam
1098 1338 1279 1368 sursum
1297 1337 1396 1367 cor·

65 1391 120 1431 de
132 1421 143 1439 ‚
168 1389 440 1438 Ierusalem,
473 1388 670 1441 patriam
693 1398 861 1435 meam,
896 1383 1168 1433 Ierusalem,
1202 1386 1397 1423 matrem

63 1458 232 1496 meam,
256 1450 395 1499 teque
421 1456 558 1497 super
578 1456 677 1483 eam
699 1446 1015 1496 regnatorem,
1044 1440 1396 1489 illustratorem,

64 1507 262 1557 patrem,
289 1506 510 1550 tutorem,
530 1502 762 1549 maritum,
784 1503 935 1539 castas
957 1501 1004 1537 et
1019 1495 1166 1537 fortes
1187 1495 1395 1543 delicias,

66 1564 113 1600 et
132 1559 330 1599 solidum
349 1557 587 1612 gaudium,
613 1560 660 1596 et
679 1554 832 1596 omnia
847 1555 971 1595 bona
987 1551 1244 1593 ineffabilia
1260 1550 1398 1592 simul

67 1615 238 1665 omnia3
259 1614 366 1668 quia
383 1625 520 1655 unum
538 1624 760 1653 summum
779 1615 826 1652 et
842 1622 1000 1651 verum
1016 1609 1205 1650 bonum:
1239 1612 1287 1648 et
1303 1619 1398 1648 non

66 1676 268 1720 avertar,
294 1670 441 1710 donec
459 1670 506 1709 in
526 1669 624 1709 eius
646 1680 807 1722 pacem
823 1667 981 1707 matris
1003 1665 1289 1714 carissimae,
1318 1663 1398 1703 ubi

66 1732 173 1768 sunt
187 1727 416 1781 primitiae
436 1726 623 1779 spiritus
639 1725 745 1775 mei,
762 1723 883 1764 unde
899 1721 1011 1763 mihi
1030 1723 1122 1762 ista
1136 1726 1263 1762 certa
1275 1725 1395 1769 sunt,

69 1783 264 1836 colligas
283 1787 432 1823 totum
450 1782 572 1836 quod
586 1795 684 1822 sum
699 1794 726 1821 a
741 1780 1029 1833 dispersione
1042 1783 1088 1818 et
1101 1776 1397 1818 deformitate

68 1836 168 1888 hac,
186 1843 235 1878 et
249 1838 509 1879 conformes
528 1846 663 1892 atque
682 1837 923 1878 confirmes
940 1835 988 1875 in
1002 1839 1254 1883 aeternum,
1269 1832 1397 1872 Deus

66 1907 210 1945 meus,
232 1895 552 1935 misericordia
568 1907 682 1934 mea.
745 1893 857 1933 Cum
873 1891 943 1933 his
963 1895 1129 1941 autem,
1143 1890 1220 1944 qui
1234 1893 1399 1929 cuncta

66 1950 167 2001 illa,
196 1963 312 2004 quae
330 1962 441 1991 vera
459 1957 583 2001 sunt,
601 1950 722 1992 falsa
743 1961 844 1990 esse
863 1961 954 1989 non
973 1948 1149 1997 dicunt,
1169 1944 1396 1986 honoran-

66 2013 138 2047 tes
173 2012 219 2047 et
249 2008 297 2047 in
330 2006 526 2046 culmine
560 2007 821 2062 sequendae
845 2005 1134 2046 auctoritatis
1157 2001 1398 2041 nobiscum

70 2064 404 2104 constituentes
425 2062 553 2102 illam
568 2075 651 2115 per
668 2068 875 2115 sanctum
889 2061 1089 2114 Moysen
1108 2058 1277 2098 editam
1297 2067 1396 2095 san-

70 2124 189 2159 ctam
201 2121 473 2172 scripturam
488 2124 627 2169 tuam,
643 2125 689 2159 et
704 2124 856 2159 tamen
874 2117 1007 2157 nobis
1029 2112 1202 2168 aliquid
1220 2116 1397 2151 contra-

70 2175 249 2225 dicunt,
271 2177 340 2216 ita
355 2176 540 2228 loquor:
575 2176 647 2215 Tu
665 2180 764 2215 esto
777 2205 787 2225 ,
803 2174 930 2214 Deus
952 2177 1123 2220 noster,
1143 2167 1316 2208 arbiter
1333 2167 1397 2206 in-

70 2238 141 2272 ter
160 2230 479 2273 confessiones
497 2242 622 2271 meas
641 2236 686 2271 et
704 2230 1094 2272 contradictiones
1115 2236 1287 2266 eorum.

125 2297 345 2331 Aucusr.
381 2292 621 2328 CONFEss.
1019 2283 1059 2331 Q
