1473 2443
78 89 131 130 92
395 87 675 129 AURELII
703 88 1081 130 AUGUS'I'INI

79 186 179 214 eras
198 179 245 213 tu
265 171 404 212 solus.
440 173 549 212 Cum
569 174 686 212 enim
706 173 947 214 duceretur
958 175 1031 215 vel
1046 174 1102 214 ad
1122 173 1391 224 custodiam,

74 230 148 270 rel
169 229 225 269 ad
242 228 528 281 supplicium,
548 228 598 268 fit
617 230 682 269 eis
703 229 879 269 obviam
900 231 1081 283 quidam
1100 228 1393 279 architectus,

78 286 205 326 cuius
220 284 416 324 maxima
434 289 532 323 erat
542 297 650 324 cura
660 285 941 338 publicarum
954 286 1243 326 fabricarum.
1277 285 1392 325 Gau·

80 341 290 389 (lentilli,
311 352 411 379 eum
430 340 715 392 potissimum
736 342 1012 392 occurrisse,
1033 343 1106 382 cui
1123 341 1334 381 solebant
1351 342 1396 380 in

77 397 385 449 suspicionem
400 396 555 435 venire
575 396 825 437 ablatarum
842 410 1013 448 rerum,
1035 410 1148 451 quae
1169 397 1397 449 perissent

77 453 132 492 de
156 451 258 491 foro
273 482 283 501 ‚
309 457 360 491 ut
383 452 513 504 quasi
535 452 717 492 tandem
735 453 812 493 ille
834 458 1159 507 cognosceret,
1189 466 1215 492 a
1234 452 1395 506 quibus

76 508 190 547 haec
209 508 384 547 fierent.
436 506 605 547 Verum
625 513 774 548 autem
792 509 969 549 viderat
986 507 1122 549 homo
1142 521 1278 561 saepe
1293 509 1395 561 Aly-

75 565 199 617 pium
220 564 268 603 in
294 563 428 603 domo
453 563 685 605 cuiusdam
705 566 953 614 senatoris,
976 565 1032 604 ad
1051 577 1182 618 quem
1201 565 1397 604 salutan-

77 620 180 660 dum
195 618 463 659 ventitabat:
484 620 725 672 statimque
746 621 977 673 cognitum
994 633 1129 660 manu
1150 618 1397 673 adprehen-

77 689 127 716 sa
155 675 350 716 semovit
376 687 402 714 a
423 674 591 725 turbis,
621 681 667 715 et
689 677 803 716 tanti
826 676 935 716 mali
954 689 1135 717 causam
1156 687 1396 729 quaerens,

77 731 185 785 quid
202 735 381 784 gestum
400 736 537 780 esset,
557 731 752 781 audivit3
788 744 1034 785 omnesque
1053 732 1397 779 tumultuantes,

77 787 154 841 qui
179 787 391 836 aderant,
418 791 465 826 et
481 787 721 827 minaciter
737 787 984 828 frementes
1003 789 1138 828 iussit
1159 788 1309 828 venire
1330 799 1397 826 se.-

78 856 191 883 cum.
239 842 298 882 Et
316 847 537 883 venerunt
555 843 611 882 ad
630 843 811 882 domum
831 844 955 883 illius
976 844 1302 892 adolescentis,
1322 843 1399 895 qui

76 911 173 939 rem
191 898 496 939 commiserat.
536 898 657 938 Puer
673 911 782 939 vero
805 905 903 939 erat
922 905 1024 939 ante
1043 901 1224 949 ostium,
1247 904 1292 939 et
1308 905 1400 938 tam

75 967 238 1007 parvus
258 958 369 1004 erat,
384 959 434 993 ut
446 952 559 994 nihil
575 955 738 994 exinde
759 954 942 995 domino
963 968 1044 995 suo
1065 960 1271 995 metuens
1290 953 1399 994 faci-

74 1011 118 1051 le
151 1014 310 1064 posset
333 1014 479 1049 totum
514 1010 733 1050 indicare.
795 1011 905 1051 Cum
938 1023 992 1051 eo
1026 1013 1190 1064 quippe
1215 1012 1260 1050 in
1295 1009 1397 1050 foro

74 1065 161 1106 fuit
183 1065 501 1119 pedissequus.
565 1065 708 1113 Quem
734 1071 896 1118 postea
923 1079 1055 1119 quam
1081 1066 1388 1118 recoluitAly.

75 1123 200 1176 pius,
228 1119 479 1161 architecto
504 1121 745 1162 intimavit.
804 1123 861 1162 At
886 1122 964 1161 ille
991 1123 1186 1162 securim
1217 1123 1397 1162 demon-

75 1178 237 1218 stravit
253 1189 418 1231 puero,
439 1189 661 1230 quaerens
684 1178 737 1217 ab
758 1189 811 1217 eo
826 1179 969 1226 ‚cuius
990 1184 1125 1218 esset.
1189 1178 1276 1226 Qui
1296 1190 1399 1217 con-

75 1233 251 1274 festim:
285 1238 464 1283 nostra,
491 1233 653 1286 inquit.
684 1233 862 1273 Deinde
889 1234 1201 1288 interrogatus
1222 1233 1401 1286 aperuit

76 1294 274 1330 caetera.
324 1288 400 1329 Sic
418 1289 463 1328 in
481 1289 607 1328 illam
627 1288 807 1329 domum
827 1290 1050 1330 translata
1068 1303 1217 1338 causa,
1242 1288 1397 1329 confu-

74 1347 230 1398 sisque
249 1344 408 1394 turbis‚
421 1357 535 1398 quae
555 1345 610 1384 de
628 1345 709 1384 illo
729 1344 1007 1398 triumphare
1026 1346 1115 1385 iam
1135 1349 1397 1398 coeperant,

73 1401 252 1441 futurus
273 1401 562 1454 dispensator
581 1401 707 1440 verbi
724 1401 804 1450 tui,
818 1406 863 1441 et
879 1401 1121 1441 multarum
1139 1403 1185 1440 in
1201 1401 1399 1441 ecclesia

74 1463 153 1496 tua
177 1469 416 1496 causaruiii
441 1457 748 1508 examinator,
777 1458 1090 1510 experientior
1111 1457 1397 1498 instructior-

75 1525 161 1565 que
182 1513 411 1553 discessit.

159 1568 207 1609 C.
233 1568 289 1608 X.
350 1568 484 1609 Hunc
504 1580 613 1622 ergo
634 1568 805 1609 Romae
824 1570 1101 1618 inveneram,
1121 1575 1168 1608 et
1186 1566 1395 1607 adhaesit

71 1622 181 1662 mihi
199 1623 452 1663 fortissimo
473 1624 670 1674 vinculo,
689 1637 953 1677 mecumque
963 1624 1275 1664 Mediolanum
1293 1634 1395 1675 pro-

74 1678 222 1718 fectus
243 1684 334 1727 est,
354 1685 403 1718 ut
422 1691 504 1718 nec
523 1692 594 1719 me
617 1680 867 1728 desereret,
887 1685 933 1720 et
951 1680 1005 1720 de
1024 1681 1122 1719 iure
1142 1678 1263 1732 quod
1283 1678 1395 1718 didi-

74 1739 200 1773 cerat
223 1734 396 1786 aliquid
423 1740 603 1787 ageret,
631 1735 879 1775 secundum
902 1740 1055 1775 votum
1071 1735 1216 1787 magis
1237 1746 1394 1786 paren-

41 1790 47 1799 *
74 1795 167 1829 tum
207 1802 339 1841 quam
379 1803 524 1829 suum.
584 1791 642 1829 Et
678 1795 748 1830 ter
785 1791 875 1830 iam
914 1791 1158 1831 adsederat
1195 1790 1394 1830 mirabili

74 1845 357 1885 continentia
382 1845 601 1894 caeteris,
629 1858 727 1885 cnm
753 1846 832 1885 ille
859 1846 1003 1899 magis
1028 1846 1272 1886 miraretur
1294 1857 1391 1893 eos,

73 1901 151 1953 qui
185 1913 341 1940 aurum
374 1901 665 1941 innocentiae
690 1907 1037 1954 praeponerent.
1098 1902 1296 1941 Tentata
1323 1906 1393 1939 est

73 1968 253 2009 quoque
273 1956 371 1996 eius
390 1956 585 2005 indoles,
602 1968 692 1996 non
710 1957 857 1997 solum
876 1958 1096 1997 illecebra
1115 1957 1392 2010 cupiditatis,

73 2011 155 2052 sed
175 2012 311 2051 etiam
332 2011 516 2051 stimulo
536 2012 728 2053 timoris.
776 2013 947 2052 Romae
968 2013 1206 2054 adsidebat
1226 2011 1392 2051 Comiti

73 2067 370 2121 largitionum
389 2067 741 2108 Italicianarum.
784 2068 893 2108 Erat
912 2081 965 2108 eo
985 2074 1189 2121 tempore
1210 2067 1391 2120 quidam

74 2123 420 2176 potentissimus
448 2128 655 2173 senator,
690 2124 816 2165 cuius
845 2130 890 2163 et
914 2124 1149 2164 beneficiis
1180 2123 1392 2162 obstricti

77 2178 206 2220 multi
248 2183 308 2223 et.
330 2179 498 2220 terrori
532 2179 703 2220 subditi
737 2186 879 2220 erant.
939 2179 1099 2221 Voluit
1129 2179 1218 2219 sibi
1249 2179 1388 2218 licere
