1514 2438
286 114 835 158 CONFESSIONUM
863 114 1077 156 LIBER
1105 113 1199 155 ΙΙΙ.
1350 112 1401 154 33

80 207 127 242 et
140 201 393 256 gaudebam
409 201 618 254 superbe,
635 206 682 242 et
697 201 927 242 tumebam
947 199 1088 256 typho
1102 214 1112 252 ;
1133 209 1404 254 quamquam

79 258 215 312 longe
236 257 462 308 sedatior,
487 256 704 308 Domine,
725 262 776 297 tu
794 258 906 307 scis,
929 262 975 298 et
990 261 1193 297 remotus
1218 255 1400 295 omnino

80 314 136 354 ab
181 313 518 363 eversionibus,
561 325 672 367 quas
711 313 945 354 faciebant
987 324 1249 361 eversores,
1295 308 1403 359 (hoc

82 369 201 409 enim
235 381 400 409 nomen
433 381 647 410 scaevum
681 374 727 409 et
763 369 1042 410 diabolicum
1069 369 1196 409 velut
1220 367 1403 420 insigne

79 425 350 465 urbanitatis
387 426 497 475 est,)
534 426 656 465 inter
690 437 805 478 quos
830 425 1036 465 vivebam
1064 425 1237 479 pudore
1262 424 1405 476 impu-

83 481 229 531 denti,
251 481 358 533 quia
375 482 482 521 talis
502 493 593 521 non
614 493 756 531 eram,
791 486 836 520 et
856 494 957 521 cum
978 482 1044 521 eis
1065 493 1209 530 eram,
1232 485 1278 520 et
1298 479 1405 518 ami-

82 537 201 576 citiis
223 549 379 577 eorum
399 536 663 577 delectabar
683 537 951 589 aliquando,
973 550 997 576 a
1018 550 1208 589 quorum
1227 547 1406 588 semper

82 592 216 633 factis
246 591 568 642 abhorrebam,
605 591 692 633 hoc
724 597 815 642 est,
852 593 906 632 ab
936 593 1274 641 eversionibus,
1312 591 1406 644 qui-

81 648 164 688 bus
191 653 405 700 proterve
424 644 1045 703 insectabanturignotorum
1069 648 1405 695 verecundiam,

83 717 215 757 quam
240 705 560 758 perturbarent
580 706 720 759 gratis
747 704 1007 754 illudendo,
1037 710 1171 757 atque
1200 703 1307 743 inde
1332 715 1407 756 pa-

88 759 257 801 scendo
278 761 530 802 malevolas
551 761 755 803 laetitias
784 773 905 801 suas.
965 759 1093 802 Nihil
1114 765 1183 799 est
1199 760 1281 799 illo
1302 765 1408 799 actu

82 816 276 856 similius
306 817 482 858 actibus
503 817 863 858 daemoniorum.
926 817 1046 866 Quid
1064 817 1218 869 itaque
1238 816 1408 862 verius,

83 885 216 926 quam
243 885 483 915 eversores
508 873 810 915 ‘vocarenturit
839 873 1002 914 Eversi
1022 873 1154 927 plane
1173 873 1298 926 prius
1319 871 1409 924 ipsi

82 934 220 982 atque
238 930 458 984 perversi,
481 930 794 971 deridentibus
816 942 896 970 eos
917 934 963 971 et
982 929 1308 970 seducentibus
1328 927 1410 967 fal-

82 985 259 1026 lacibus
290 986 468 1026 occulte
497 986 735 1040 spiritibus
763 986 811 1027 in
830 998 884 1028 eo
903 986 1030 1041 ipso,
1059 998 1147 1040 quo
1173 986 1291 1026 alios
1310 984 1409 1024 11·Γί-

85 1041 193 1082 dere
223 1048 375 1083 amant
401 1048 448 1083 et
472 1042 650 1083 fallere.

170 1098 217 1139 C.
245 1098 320 1139 IV.
381 1099 505 1140 Inter
533 1097 618 1140 hos
648 1111 735 1153 ego
764 1099 999 1140 imbecilla
1029 1104 1137 1139 tunc
1164 1102 1314 1138 aetate
1344 1097 1407 1136 di-

85 1153 273 1195 scebam
290 1154 436 1195 libros
459 1155 767 1210 eloquentiae,
786 1156 833 1196 in
848 1168 937 1209 qua
948 1155 1149 1196 eminere
1171 1153 1409 1207 cupiebam

85 1210 174 1250 fine
191 1210 439 1251 damnabili
454 1218 500 1253 et
518 1217 712 1252 ventoso
732 1224 814 1266 per
833 1211 1003 1266 gaudia
1021 1212 1236 1251 vanitatis
1258 1209 1410 1249 huma-

87 1278 199 1318 nae3
233 1272 280 1307 et
315 1268 486 1308 usitato
512 1269 603 1309 iam
634 1268 844 1308 discendi
865 1268 1025 1308 ordine
1043 1279 1342 1321 perveneram
1366 1266 1413 1304 in

83 1321 249 1363 librum
299 1325 539 1377 quemdam
581 1324 817 1364 Ciceronis
831 1355 842 1374 ,
892 1324 1020 1364 cuius
1055 1324 1259 1377 linguam
1313 1321 1411 1362 fere

88 1390 246 1418 omnes
264 1380 499 1430 mirantur,
519 1386 678 1433 pectus
698 1392 789 1419 non
807 1380 886 1420 ita.
922 1379 1013 1420 Sed
1030 1379 1148 1418 liber
1167 1379 1245 1418 ille
1265 1379 1411 1430 ipsius

88 1432 456 1475 exhortationem
475 1437 681 1476 continet
700 1435 756 1475 ad
773 1434 1112 1489 philosophiam
1128 1466 1137 1484 ,
1159 1440 1205 1475 et
1221 1439 1414 1474 vocatur

85 1489 378 1531 Hortensius.
439 1491 544 1532 Ille
589 1504 722 1532 vero
768 1491 916 1531 liber
949 1492 1188 1531 mutavit
1230 1489 1356 1530 adse
1370 1502 1411 1528 e-

86 1550 195 1585 tum
227 1559 423 1597 meum,
462 1560 485 1587 e
502 1554 518 1587 t
545 1547 609 1587 ad
635 1553 686 1588 te
714 1548 918 1600 ipsum,
951 1547 1211 1597 Domine,
1246 1552 1412 1586 muta-

86 1602 166 1641 vit
198 1614 397 1654 preces
424 1616 596 1654 meas,
635 1610 687 1644 et
719 1609 850 1643 vota
885 1616 947 1643 ac
977 1603 1268 1643 desideria
1296 1614 1412 1642 mea

85 1656 235 1698 fecit
258 1659 385 1699 alia.
430 1659 619 1701 Viluit
642 1658 778 1700 mihi
806 1665 1041 1714 repente
1070 1660 1249 1700 omnis
1277 1671 1413 1698 vana

86 1725 206 1766 spes
225 1745 236 1765 ,
266 1721 318 1757 et
341 1716 839 1757 immortalitatem
864 1716 1111 1769 sapienti
1128 1728 1188 1756 ae
1218 1728 1412 1755 concu-

85 1770 373 1824 piscebam
400 1778 562 1814 aestu
592 1786 614 1813 c
631 1772 791 1813 ordis
821 1772 1186 1824 incredibili3
1220 1778 1272 1812 et
1303 1783 1411 1812 sur-

88 1838 220 1880 gere
248 1840 565 1882 coeperam,
592 1834 652 1870 ut
680 1830 749 1870 ad
774 1834 829 1869 te
850 1829 1109 1870 redirem.
1169 1828 1273 1872 Non
1294 1829 1413 1868 enim

90 1881 147 1922 ad
165 1884 416 1925 acuendam
432 1885 651 1940 linguam,
671 1885 793 1940 quod
813 1885 1002 1925 videbar
1023 1897 1174 1926 emere
1192 1884 1412 1925 maternis

87 1940 376 1981 mercedibus
390 1972 400 1991 ,
423 1954 522 1981 cum
542 1954 727 1996 agerem
747 1955 912 1981 annum
932 1943 1097 1982 aetatis
1121 1938 1411 1994 undevigesi-

86 2006 230 2046 mum,
258 1997 349 2037 iam
374 1997 592 2039 defuncto
618 2003 748 2051 patre
777 2003 881 2037 ante
904 1997 1157 2038 biennium:
1190 2010 1281 2037 non
1300 2007 1412 2048 ergo

91 2051 149 2090 ad
179 2053 431 2093 acuendam
454 2053 659 2108 linguam
684 2053 944 2094 referebam
970 2054 1100 2094 illum
1118 2054 1304 2102 librum3
1337 2063 1412 2090 ne-

92 2119 177 2160 que
202 2108 313 2148 mihi
339 2109 642 2160 locutionem,
673 2111 754 2150 sed
781 2110 904 2163 quod
929 2110 1203 2163 loquebatur
1228 2119 1412 2161 persua-

91 2169 228 2204 serat.
290 2165 532 2213 Quomodo
569 2166 807 2216 ardebam,
840 2165 966 2206 Deus
992 2179 1119 2206 meus
1133 2197 1142 2215 ,
1183 2162 1412 2217 quomodo

93 2218 311 2264 ardebam
343 2221 554 2262 revolare
586 2235 612 2262 a
646 2222 842 2263 terrenis
875 2221 932 2262 ad
960 2227 1028 2274 te;
1063 2227 1109 2262 et
1137 2219 1413 2270 nesciebam,

148 2281 370 2318 Anensr.
398 2283 639 2319 conress.
1040 2278 1073 2317 C
