1514 2438
319 126 849 170 CONFESSIONUM
877 128 1087 170 LIBER
1119 129 1254 170 XIII.
1362 130 1443 169 259

114 227 339 271 pervacue
388 214 501 255 solis
550 214 818 267 aquatilium
866 221 913 254 et
959 212 1192 255 hominum
1240 213 1443 254 foetibus

113 275 249 314 istam
283 270 656 311 benedictionem
694 269 936 320 adtribuit,
973 271 1226 310 invenimus
1261 271 1444 324 quidem

114 327 432 369 multitudines
453 328 560 367 etin
579 327 802 367 creaturis
823 326 1105 380 spiritalibus
1125 332 1261 380 atque
1281 339 1444 380 corpo-

120 385 314 434 ralibus,
346 388 577 437 tamquam
608 385 655 423 in
688 384 805 423 coelo
831 384 946 422 etin
970 389 1110 433 terra3
1144 389 1190 423 et
1211 384 1255 422 in
1283 384 1445 423 animis

118 442 253 481 iustis
274 445 320 480 et
336 440 521 493 iniquis,
540 444 770 493 tamquam
786 441 832 479 in
850 440 943 478 luce
962 444 1007 479 et
1023 440 1070 479 in
1088 438 1304 489 tenebris5
1339 442 1445 480 etin

117 498 287 538 sanctis
312 495 598 546 auctoribus,
623 508 705 549 per
723 507 837 548 quos
855 495 931 535 lex
947 496 1205 536 ministrata
1223 501 1312 546 est,
1336 501 1446 536 tam-

118 565 249 607 quam
267 550 609 606 infirmamento
621 583 631 602 ‚
659 550 783 605 quod
799 551 1046 592 solidatum
1066 557 1137 592 est
1152 551 1268 592 inter
1286 564 1448 605 aquam

118 617 163 650 et
183 621 375 663 aqecam5
408 614 453 648 et
475 610 521 648 in
546 610 774 648 societate
793 608 1138 648 amaricantium
1155 608 1446 662 populorum,

117 673 347 718 tamquam
380 666 428 705 in
460 663 592 715 mari3
627 670 673 704 et
702 664 750 703 in
782 664 935 704 studio
971 665 1221 704 animarum
1253 664 1446 717 piarum,

117 728 350 774 tamquam
373 721 420 760 in
445 719 593 771 arida3
627 726 674 760 et
697 720 744 759 in
769 720 984 773 operibus
1008 721 1357 760 misericordiae
1377 733 1446 759 se-

117 778 313 819 cundum
336 783 626 830 praesentem
650 776 811 826 vitam,
835 780 1066 830 tamquam
1087 778 1134 816 in
1152 775 1296 816 herbis
1321 775 1446 815 semi-

115 834 286 875 nalibus
321 839 365 873 et
394 831 527 884 lignis
540 831 831 888 fructiferis,-
864 833 975 872 etin
1003 832 1286 886 spiritalibus
1314 832 1446 871 donis

115 888 422 931 manifestatis
443 889 500 928 ad
518 888 781 938 utilitatem,
803 888 923 928 sicut
939 889 985 927 in
1003 887 1292 928 luminaribus
1311 887 1446 936 coeli;

117 952 163 987 et
179 947 226 986 in
246 944 504 985 adfectibus
522 943 732 985 formatis
752 944 809 984 ad
829 945 1198 997 temperantiam,
1215 950 1447 997 tamquam

113 1005 162 1045 in
194 1001 343 1043 anima
366 1000 482 1051 viva3
514 1000 562 1040 in
587 999 656 1041 his
682 1000 890 1040 omnibus
914 1001 1221 1041 nanciscimur
1243 1000 1446 1040 multitu-

117 1059 267 1109 dines,
288 1062 334 1098 et
350 1058 606 1106 ubertates,
635 1061 680 1096 et
696 1057 997 1098 incrementa:
1031 1058 1112 1097 sed
1132 1057 1255 1111 quod
1272 1057 1338 1096 ita
1356 1069 1446 1096 cre-

114 1121 213 1156 scat
227 1120 272 1155 et
287 1111 611 1167 multiplicetur,
630 1117 681 1152 ut
699 1125 789 1152 una
805 1125 880 1153 res
898 1113 1054 1153 multis
1072 1113 1222 1153 modis
1242 1114 1446 1153 enuntie-

113 1177 209 1221 tur,
231 1175 276 1211 et
291 1182 384 1211 una
401 1169 655 1210 enuntiatio
676 1169 833 1209 multis
854 1170 1004 1210 modis
1024 1169 1333 1223 intelligatur,
1355 1182 1447 1208 non

114 1229 391 1277 invenimus,
410 1226 501 1266 nisi
517 1226 564 1266 in
583 1226 727 1280 signis
748 1226 1055 1278 corporaliter
1075 1226 1225 1274 editis,
1248 1231 1292 1264 et
1309 1225 1446 1264 rebus

113 1283 475 1337 intelligibiliter
500 1283 791 1335 excogitatis.
854 1281 996 1334 Signa
1022 1280 1327 1334 corporaliter
1353 1280 1446 1319 edi-

113 1346 175 1390 ta,
195 1339 519 1393 generationes
538 1350 755 1390 aquarum
773 1342 962 1390 propter
980 1337 1266 1376 necessarias
1286 1349 1447 1375 causas

117 1395 314 1436 carnalis
338 1392 686 1448 profunditatis3
718 1404 793 1432 res
819 1398 970 1432 autem
992 1392 1354 1446 intelligibiliter
1373 1405 1446 1432 ex-

116 1453 362 1505 cogitatas,
376 1450 699 1503 generationes
712 1447 930 1488 humanas
945 1453 1132 1502 propter
1145 1448 1337 1488 rationis
1350 1446 1446 1488 foe-

116 1505 721 1558 cunditatemintelligimus.
740 1504 913 1545 Etideo
931 1505 1157 1544 credimus
1171 1504 1351 1557 utrique
1368 1503 1446 1544 ho-

114 1577 213 1604 rum
239 1563 396 1617 generi
425 1562 594 1602 dictum
629 1573 730 1601 esse
757 1561 836 1601 abs
862 1567 929 1611 te,
952 1560 1167 1600 Domine:
1202 1559 1381 1600 crescite
1407 1566 1450 1599 et

114 1617 479 1673 multiplicamini.
539 1617 590 1657 In
604 1615 688 1657 hac
704 1618 822 1657 enim
835 1617 1159 1657 benedictione
1178 1628 1442 1656 concessam

117 1677 248 1716 nobis
274 1688 300 1715 a
325 1681 370 1715 te
395 1678 673 1728 potestatem
694 1679 739 1713 et
755 1673 1022 1714 facultatem
1046 1673 1245 1726 accipio,
1272 1677 1318 1712 et
1334 1672 1444 1711 mul-

114 1733 174 1772 tis
197 1732 345 1772 modis
374 1731 634 1779 enuntiare,
662 1729 784 1782 quod
810 1742 899 1769 uno
918 1729 1056 1770 modo
1076 1729 1362 1768 intellectum
1380 1733 1444 1767 te-

116 1788 367 1837 nuerimus,
394 1792 439 1826 et
456 1787 612 1826 multis
634 1786 783 1826 modis
802 1786 1085 1839 intelligere,
1106 1785 1226 1838 quod
1249 1785 1443 1824 obscure

115 1856 204 1883 uno
253 1843 390 1884 modo
440 1843 721 1882 enuntiatum
770 1842 1034 1895 legerimus.
1096 1840 1173 1882 Sic
1208 1839 1446 1893 implentur

115 1912 255 1953 aquae
280 1898 433 1947 maris,
462 1911 576 1951 quae
601 1911 691 1938 non
709 1903 970 1948 moventur,
994 1898 1083 1938 nisi
1101 1910 1128 1937 a
1144 1897 1283 1937 variis
1304 1896 1443 1948 signi-

117 1955 427 2004 ficationibus3
461 1954 527 1993 sic
551 1962 596 1993 et
619 1954 820 1994 foetibus
846 1953 1053 1994 humanis
1074 1953 1280 2007 impletur
1298 1957 1341 1991 et
1357 1958 1441 1990 ter-

115 2025 188 2060 ra,
217 2011 345 2052 cuius
370 2008 555 2050 ariditas
580 2011 765 2064 adparet
790 2011 836 2051 in
860 2011 1036 2061 studio,
1065 2015 1111 2050 et
1128 2007 1381 2049 dominatur
1400 2007 1443 2046 ei

114 2068 248 2108 ratio.

199 2124 247 2164 C.
270 2120 415 2163 XXV.
474 2120 595 2161 Volo
651 2123 789 2163 etiam
837 2124 1013 2172 dicere,
1068 2120 1267 2160 Domine
1313 2118 1440 2158 Deus

113 2191 240 2219 meus
254 2209 264 2228 ,
286 2178 409 2232 quod
425 2189 496 2217 me
519 2190 804 2231 consequens
823 2185 901 2219 tua
919 2179 1144 2230 scriptura
1161 2181 1440 2224 commonet3

116 2242 160 2275 et
186 2236 354 2286 dicam,
379 2247 463 2275 nec
490 2235 699 2274 verebor.
758 2234 927 2275 Verum
954 2234 1074 2274 enim
1100 2232 1250 2272 dicam
1265 2237 1311 2272 te
1330 2229 1443 2271 mihi
