1514 2438
306 100 835 144 CONFESSIONUM
864 100 1068 142 LIBER
1098 100 1207 143 XII.
1339 102 1422 142 247

95 195 166 232 est
180 187 321 245 :fecit
338 188 505 229 coelum
523 193 563 227 et
583 192 762 237 terram,
783 186 1114 240 comprehensa
1131 191 1236 227 sunt
1255 188 1422 237 onmia,

95 247 208 301 quid
226 246 281 286 de
301 245 432 298 aquis
453 244 666 294 dicimus,
687 256 823 297 super
844 257 954 297 quas
973 243 1209 283 ferebatur
1224 242 1422 296 Spiritus

95 303 210 344 Dei}
247 301 296 343 Si
335 302 454 341 enim
491 305 618 340 terra
654 301 889 340 nominata
921 300 1056 340 simul
1086 299 1424 353 intelliguntur,

102 372 190 414 quo
205 358 344 399 modo
363 360 453 398 iam
470 362 622 398 terrae
640 357 824 397 nomine
844 357 1060 397 materies
1078 354 1289 396 informis
1309 356 1426 396 acci-

100 417 241 470 pitur,
268 414 447 468 quando
471 419 566 454 tam
590 415 826 466 speciosas
852 425 991 467 aquas
1016 412 1249 453 videmus&
1277 412 1366 452 Aut
1388 412 1429 452 si

98 473 164 512 ita
189 472 430 525 accipitur,
459 482 539 510 cur
562 482 618 510 ex
637 470 796 510 eadem
812 468 1096 509 informitate
1117 469 1337 521 scriptum
1358 473 1430 508 est

98 528 270 568 factum
288 528 618 567 firmamentum
638 531 684 566 et
700 531 913 566 vocatum
932 526 1128 575 coelum,
1150 536 1298 579 neque
1318 524 1428 564 scri-

99 591 222 638 ptum
257 589 326 624 est
348 583 493 623 factas
519 595 621 623 esse
646 582 813 637 aquas‘}
844 581 947 622 Non
972 582 1091 621 enim
1115 579 1263 622 adhuc
1287 579 1428 621 infor-

98 653 193 681 mes
209 646 313 680 sunt
331 646 377 679 et
394 640 583 689 invisae,
597 652 707 693 quas
726 640 792 678 ita
810 638 979 678 decora
996 638 1150 692 specie
1171 636 1314 677 fluere
1334 648 1430 676 cer-

101 698 262 737 nimus.
322 697 411 736 Aut
435 697 474 736 si
496 701 605 736 tunc
630 695 1060 748 acceperuntistam
1078 694 1301 748 speciem,
1328 705 1430 733 cum

102 753 218 793 dixit
234 752 380 792 Deus:
403 757 701 806 congregetur
720 764 849 805 aqua,
876 763 985 805 quae
1005 757 1070 791 est
1085 748 1429 805 subfirmamen-

103 817 146 849 to
168 809 301 858 (Gen.
326 811 363 857 l,
385 808 461 859 9.),
483 813 532 848 ut
548 808 851 862 congregatio
872 808 932 847 sit
948 808 1049 861 ipsa
1062 806 1300 847 formatio:
1321 805 1430 858 quid

103 865 462 919 respondebitur
496 864 550 904 de
586 865 736 918 aquis,
780 876 894 918 quae
928 876 1065 917 super
1098 864 1430 903 firmamentum

105 928 229 973 sunt,
264 922 370 975 quia
392 932 539 974 neque
563 921 785 961 informes
812 926 907 961 tam
931 918 1250 960 honorabilem
1273 918 1431 958 sedem

103 980 312 1031 accipere
331 979 629 1027 meruissent,
650 989 734 1017 nec
754 978 973 1030 scriptum
993 981 1076 1026 est,
1098 989 1188 1030 qua
1204 986 1318 1016 voce
1338 974 1431 1014 for-

102 1040 253 1076 matae
278 1033 395 1074 sint}
425 1033 553 1073 Unde
574 1035 613 1073 si
631 1033 805 1088 aliquid
824 1032 1018 1073 Genesis
1037 1033 1182 1073 tacuit
1199 1031 1349 1072 Deum
1365 1029 1430 1070 fe-

105 1092 246 1142 cisse,
273 1090 394 1145 quod
417 1095 570 1130 tamen
587 1089 735 1130 Deum
762 1088 931 1130 fecisse
952 1101 1036 1129 nec
1055 1101 1167 1129 sana
1185 1088 1322 1138 fides,
1347 1099 1431 1127 nec

104 1152 255 1188 certus
289 1146 480 1200 ambigit
500 1146 782 1197 intellectus,
815 1159 900 1186 nec
924 1146 1029 1187 ideo
1055 1145 1151 1186 ulla
1173 1144 1331 1185 sobria
1355 1143 1432 1183 do-

105 1204 251 1244 ctrina
283 1203 435 1243 dicere
462 1202 671 1253 audebit,
705 1203 817 1243 istas
846 1215 986 1257 aquas
1014 1208 1284 1242 coaeternas
1310 1199 1429 1249 Deo,

104 1261 211 1314 quia
233 1262 280 1301 in
298 1259 416 1299 libro
443 1259 680 1299 Geneseos
706 1264 1086 1300 commemoratas
1108 1257 1290 1310 quidem
1307 1255 1433 1295 audi-

102 1318 263 1365 vimus,
284 1316 363 1356 ubi
382 1320 533 1355 autem
550 1314 701 1354 factae
721 1316 811 1354 sint
829 1328 919 1355 non
937 1314 1210 1354 invenimus:
1245 1323 1324 1351 cur
1342 1324 1432 1351 non

103 1372 346 1414 informem
382 1383 562 1424 quoque
596 1370 722 1410 illam
754 1371 1014 1420 materiem,
1050 1381 1183 1423 quam
1207 1368 1436 1421 scriptura

104 1426 218 1468 haec
249 1434 418 1467 terram
450 1427 728 1467 invisibilem
760 1432 806 1467 ct
837 1427 1190 1480 incompositam
1221 1423 1434 1464 tenebro-

105 1496 291 1537 samque
325 1483 541 1536 abyssum
565 1483 786 1536 adpellat,
823 1483 1019 1523 docente
1049 1483 1240 1521 veritate
1264 1479 1434 1519 intelli·

106 1553 263 1595 gamus
284 1538 425 1579 aDeo
454 1538 622 1579 factam
650 1551 751 1578 esse
773 1539 826 1579 de
846 1538 1014 1589 nihilo,
1038 1538 1237 1591 ideoque
1255 1535 1435 1576 illinon

106 1609 207 1637 esse
242 1602 555 1645 coaeternam,
589 1595 816 1649 quamvis,
850 1595 930 1636 ubi
962 1593 1087 1635 facta
1110 1594 1190 1644 sit,
1227 1592 1437 1633 omiserit

104 1654 340 1694 enuntiare
359 1652 449 1692 ista
465 1651 730 1692 narratio‘W

189 1710 236 1749 C.
259 1708 426 1748 XXIII.
485 1709 572 1748 His
608 1720 718 1762 ergo
754 1708 922 1749 auditis
947 1713 1083 1762 atque
1106 1704 1328 1761 perfectis
1351 1717 1432 1758 pro

107 1770 243 1818 captu
264 1765 545 1805 infirmitatis
571 1777 721 1814 meae,
758 1778 891 1819 quam
912 1764 997 1804 tibi
1021 1764 1246 1804 confiteor
1270 1761 1435 1802 scienti

103 1821 207 1862 Deo
238 1833 365 1871 meo,
399 1821 487 1861 duo
522 1821 656 1861 video
692 1821 1031 1861 dissensionum
1064 1831 1236 1874 genera
1262 1817 1435 1858 oboriri

107 1889 268 1931 posse,
315 1890 415 1917 cum
452 1877 623 1930 aliquid
657 1890 683 1917 a
715 1878 884 1918 nuntiis
917 1877 1158 1917 veracibus
1192 1888 1273 1930 per
1304 1875 1436 1927 signa

109 1933 388 1974 enuntiatur:
421 1947 578 1983 unum,
603 1934 643 1974 si
668 1934 722 1974 de
742 1934 936 1974 veritate
954 1946 1128 1983 rerum,
1156 1933 1370 1978 alterum,
1396 1929 1435 1968 si

109 1990 163 2030 de
186 1990 331 2042 ipsius
357 1990 433 2042 qui
458 1990 664 2030 enuntiat
685 1990 923 2030 voluntate
948 1989 1176 2030 dissensio
1203 1992 1286 2028 est.
1346 1984 1435 2024 Ali-

106 2051 179 2086 ter
212 2046 330 2085 enim
367 2045 625 2098 quaerimus
660 2045 714 2086 de
748 2054 987 2087 creaturae
1012 2045 1298 2091 conditione,
1327 2039 1437 2094 quid

107 2114 265 2141 verum
290 2102 368 2151 sit;
402 2101 538 2141 aliter
562 2106 735 2152 autem,
761 2103 870 2156 quid
894 2103 940 2142 in
964 2101 1034 2143 his
1054 2101 1207 2141 verbis
1226 2098 1434 2151 Moyses,

110 2158 324 2212 egregius
354 2157 632 2197 domesticus
658 2158 766 2199 fidei
783 2165 910 2208 tuae,
933 2157 1195 2211 intelligere
1214 2154 1434 2193 lectorem

109 2213 459 2267 auditoremque
484 2213 698 2254 voluerit.
759 2214 809 2255 In
833 2215 915 2255 illo
935 2215 1081 2268 primo
1102 2222 1272 2266 genere
1292 2209 1436 2250 disce-
