1514 2438
259 106 798 152 CONFESSIONUM
825 106 1035 147 LIBER
1064 105 1174 146 XII.
1299 105 1378 144 235

53 200 153 252 ipsa
164 197 210 237 in
229 194 388 236 diebus
406 197 642 234 numerata
660 197 744 233 est.
802 191 890 233 Ubi
909 192 1026 231 enim
1043 189 1169 230 nulla
1187 189 1378 244 species,

56 254 205 294 nullus
227 251 356 301 ordo,
375 262 459 290 nec
480 251 602 289 venit
616 249 859 302 quidquam
876 259 960 287 nec
977 246 1218 300 praeterit3
1239 250 1283 286 et
1301 246 1379 286 ubi

56 309 144 349 hoc
162 321 253 348 non
271 308 335 357 fit,
350 318 440 346 non
462 310 567 345 sunt
582 306 739 359 utique
759 304 871 355 dies,
891 315 975 344 nec
992 302 1262 344 vicissitudo
1283 315 1381 356 spa-

60 366 228 405 tiorum
245 361 579 416 temporalium.

143 420 190 460 C.
215 419 271 459 X.
334 419 370 458 Ο
388 417 575 467 veritas,
593 416 745 457 lumen
765 415 916 456 cordis
934 415 1038 465 mei,
1056 427 1147 455 non
1163 413 1382 454 tenebrae

61 488 190 516 meae
208 475 454 528 loquantur
470 471 596 514 mihi.
642 471 824 513 Dessuxi
845 472 900 512 ad
919 471 1027 520 ista,
1047 476 1093 511 et
1111 471 1383 511 obscuratus

64 545 177 572 sum.
238 530 329 572 Sed
350 528 455 569 hinc
480 529 637 579 etiam,
666 527 770 569 hinc
788 528 994 567 adamavi
1010 532 1071 568 te.
1130 526 1313 576 Erravi,
1340 531 1386 566 et

59 587 329 628 recordatus
349 599 447 627 sum
464 586 546 626 tui.
606 585 769 625 Audivi
785 596 944 624 vocem
962 589 1085 623 tuam
1102 588 1208 636 post
1226 594 1318 632 me,
1336 586 1387 621 ut

59 644 272 693 redirem,
286 647 331 682 et
347 643 423 682 vix
442 642 593 682 audivi
607 645 796 695 propter
805 640 1026 680 tumultus
1040 639 1384 691 impacatorum.

63 699 122 739 Et
148 712 267 739 nunc
292 710 398 738 ecce
423 697 564 737 redeo
590 702 804 737 aestuans
832 701 878 735 et
900 694 1117 735 anhelans
1136 695 1193 734 ad
1212 693 1386 734 fontem

61 760 203 796 tuum.
262 753 406 795 Nemo
426 765 496 794 me
514 751 775 806 prohibeat3
804 750 920 791 hunc
937 751 1111 800 bibam,
1139 755 1184 790 et
1200 748 1305 790 hinc
1326 751 1386 790 vi·

61 824 176 852 vam.
236 809 340 851 Non
361 822 446 863 ego
466 810 561 849 vita
577 821 678 849 mea
695 810 800 859 sim;
831 807 949 847 male
967 807 1062 847 vixi
1081 818 1135 846 ex
1153 818 1244 856 me,
1263 818 1386 846 mors

62 866 174 907 mihi
190 865 276 906 fui:
309 868 356 906 in
373 871 419 905 te
437 866 679 906 revivisco.
741 865 811 903 Tu
828 875 898 903 me
918 863 1189 916 adloquere,
1208 867 1259 902 tu
1275 860 1387 902 mihi

62 925 386 963 sermocinare.
449 921 633 961 Credidi
650 920 778 960 libris
795 920 903 970 tuis,
924 924 968 959 et
986 919 1125 959 verba
1142 930 1300 959 eorum
1320 930 1387 957 ar-

64 992 176 1020 cana
191 978 341 1018 valde.

146 1036 193 1075 C.
222 1034 297 1074 XI.
357 1034 450 1074 Iam
473 1033 629 1075 dixisti
656 1031 784 1083 mihi,
818 1031 1036 1082 Domine,
1070 1043 1183 1075 voce
1206 1030 1316 1071 forti
1339 1031 1386 1070 in

62 1104 217 1132 aurem
235 1091 526 1140 interiorem,
552 1090 658 1143 quia
675 1094 724 1129 tu
741 1095 955 1128 aeternus
976 1101 1045 1138 es,
1065 1088 1191 1128 solus
1212 1086 1384 1127 habens

61 1147 472 1198 immortalitatem3
512 1147 723 1200 quoniam
764 1157 820 1185 ex
857 1145 982 1184 nulla
1014 1145 1168 1197 specie
1202 1148 1385 1184 motuve

60 1205 270 1253 mutaris,
300 1215 382 1243 nec
398 1203 682 1256 temporibus
701 1203 904 1241 variatur
924 1200 1132 1241 voluntas
1151 1204 1249 1248 tua,
1279 1200 1384 1252 quia

66 1272 153 1300 non
189 1264 260 1300 est
289 1259 562 1300 immortalis
595 1258 827 1307 voluntas,
862 1269 976 1310 quae
1006 1256 1097 1295 alia
1121 1261 1165 1295 et
1188 1256 1279 1294 alia
1301 1260 1385 1294 est.

62 1315 165 1356 Hoc
183 1316 230 1355 in
250 1320 499 1368 conspectu
513 1320 593 1354 tuo
615 1314 759 1354 claret
775 1310 905 1361 mihi,
926 1317 971 1351 et
988 1313 1132 1364 magis
1150 1311 1386 1365 magisque

65 1372 308 1420 clarescat,
344 1380 426 1410 oro
449 1375 515 1418 te,
543 1374 678 1423 atque
703 1371 751 1409 in
775 1381 829 1408 ea
851 1367 1221 1407 manifestatione
1246 1368 1387 1419 persi-

64 1432 182 1467 stam
205 1426 387 1466 sobrius
406 1426 488 1466 sub
508 1425 591 1465 alis
608 1425 715 1465 tuis.
775 1424 888 1463 Item
908 1424 1062 1464 dixisti
1083 1422 1189 1463 mihi
1203 1454 1213 1473 ,
1231 1422 1388 1463 Domi-

62 1493 260 1532 ne,voce
280 1481 391 1522 forti
406 1482 452 1520 in
471 1493 626 1521 aurem
642 1480 923 1529 interiorem,
945 1479 1067 1533 quod
1087 1492 1242 1519 omnes
1261 1484 1388 1519 natu-

62 1551 138 1578 ras
164 1543 299 1592 atque
327 1537 626 1586 substantias,
653 1548 767 1590 quae
791 1549 881 1576 non
906 1541 1011 1576 sunt
1035 1535 1155 1590 quod
1173 1542 1222 1575 tu
1246 1547 1316 1585 es,
1345 1541 1389 1574 et

62 1600 216 1634 tamen
234 1598 351 1643 sunt,
362 1598 410 1633 tu
428 1592 596 1642 fecisti,
618 1599 663 1632 et
681 1591 768 1632 hoc
787 1592 933 1632 solum
952 1605 977 1631 a
993 1597 1038 1631 te
1057 1605 1146 1632 non
1167 1597 1249 1641 est,
1268 1592 1388 1645 quod

65 1663 154 1691 non
176 1655 258 1700 est,
291 1654 533 1704 motusque
552 1648 801 1689 voluntatis
821 1661 846 1687 a
862 1653 907 1688 te
932 1649 1007 1701 qui
1033 1660 1080 1688 es
1100 1648 1156 1687 ad
1174 1648 1241 1698 id,
1268 1647 1388 1701 quod

65 1707 212 1746 minus
234 1710 325 1755 est,
346 1707 452 1758 quia
468 1706 573 1745 talis
593 1711 743 1745 motus
765 1704 978 1744 delictum
998 1709 1132 1758 atque
1151 1710 1386 1757 peccatum

67 1766 157 1812 est3
191 1767 236 1802 et
256 1762 378 1815 quod
395 1762 563 1801 nullius
580 1766 819 1814 peccatum
838 1766 915 1800 aut
930 1761 1015 1800 tibi
1032 1766 1182 1809 nocet,
1196 1765 1273 1799 aut
1290 1771 1389 1812 per-

63 1819 222 1857 turbat
244 1818 450 1857 ordinem
467 1818 643 1871 imperii
665 1818 751 1866 tui,
777 1817 850 1856 vel
866 1818 911 1856 in
931 1817 1075 1869 primo
1088 1847 1098 1865 ,
1127 1819 1200 1856 vel
1216 1817 1262 1856 in
1280 1816 1386 1854 imo.

67 1872 171 1913 Hoc
189 1874 235 1913 in
255 1878 504 1925 conspectu
519 1879 599 1913 tuo
621 1873 764 1912 claret
779 1871 904 1922 mihi,
926 1877 970 1912 et
986 1874 1131 1926 magis
1150 1874 1388 1927 magisque

67 1929 312 1977 clarescat,
339 1941 419 1968 oro
443 1933 513 1978 te,
540 1934 674 1982 atque
698 1929 743 1968 in
773 1941 827 1968 ea
850 1927 1221 1968 manifestatione
1249 1928 1389 1980 persi-

65 1989 182 2023 stam
216 1984 396 2024 sobrius
432 1984 514 2024 sub
551 1986 636 2025 alis
661 1986 768 2025 tuis.
828 1985 941 2025 Item
963 1985 1120 2025 dixisti
1140 1983 1251 2023 mihi
1276 1994 1388 2022 voce

66 2039 181 2080 forti
196 2041 243 2080 in
261 2052 417 2079 aurem
435 2041 720 2090 interiorem,
742 2042 863 2094 quod
881 2053 965 2081 nec
981 2041 1062 2080 illa
1080 2044 1289 2079 creatura
1305 2037 1391 2077 tibi

67 2100 316 2135 coaeterna
331 2102 413 2145 est,
432 2097 557 2135 cuius
575 2097 784 2137 voluntas
802 2102 851 2136 tu
866 2096 991 2136 solus
1012 2109 1075 2145 es,
1087 2101 1222 2148 teque
1237 2105 1390 2147 perse-

66 2152 388 2191 verantissima
406 2152 616 2192 castitate
635 2150 868 2201 hauriens,
895 2151 1246 2191 mutabilitatem
1264 2162 1389 2189 suam

67 2220 308 2260 numquam
328 2213 374 2247 et
390 2220 609 2261 nusquam
630 2208 819 2259 exserit3
839 2214 884 2248 et
901 2213 945 2248 te
965 2207 1052 2247 sibi
1071 2218 1248 2259 semper
1265 2217 1391 2258 prae-
