1514 2438
307 106 842 149 CONFESSloNUM
871 106 1077 148 LIBER
1107 107 1243 148 XIII.
1362 109 1443 148 2527

108 200 224 244 stra,
251 199 294 233 ct
320 195 365 233 in
388 191 666 247 profundum
688 192 986 233 tenebrosum
1004 192 1262 233 abieramus
1282 192 1361 233 abs
1381 199 1443 242 te,

107 256 154 290 et
173 250 370 304 Spiritus
395 255 500 290 tuus
525 250 673 290 bonus
701 249 1077 302 superferebatur
1097 249 1153 289 ad
1173 249 1443 290 subvenien-

107 307 213 348 dum
238 307 373 346 nobis
399 306 443 346 in
461 310 669 358 tempore
691 308 996 358 opportuno),
1019 311 1065 346 et
1082 306 1345 346 iustificasti
1363 307 1444 346 im-

106 363 230 417 pios,
259 368 304 402 et
323 362 577 403 distinxisti
595 374 675 402 eos
694 362 749 401 ab
768 362 961 416 iniquis,
991 366 1037 402 et
1054 361 1268 402 solidasti
1286 369 1441 402 aucto-

107 420 291 459 ritatem
316 419 421 460 libri
449 419 516 458 tui
540 418 661 458 inter
683 419 970 472 superiores,
1007 419 1085 471 qui
1107 418 1192 458 tibi
1217 418 1442 458 docibiles

109 482 286 525 essent,
307 483 352 515 et
370 474 638 523 inferiores,
660 476 733 527 qui
755 475 821 515 eis
842 474 1168 524 subderentur,
1190 480 1235 514 et
1253 487 1444 528 congre-

108 532 230 585 gasti
253 532 524 572 societatem
550 531 803 571 infidelium
820 531 867 570 in
885 543 1019 571 unam
1038 531 1444 584 conspirationem,

110 594 158 628 ut
181 588 458 641 adparerent
483 587 635 627 studia
658 587 883 637 fidelium,
919 592 965 627 et
986 587 1072 627 tibi
1097 599 1238 641 opera
1263 587 1443 627 miseri·

109 644 296 685 cordiae
335 648 570 698 parerent,
612 643 943 685 distribuentes
985 645 1123 684 etiam
1163 643 1441 697 pauperibus

108 706 315 741 terrenas
342 700 589 741 facultates
618 700 674 739 ad
693 700 977 754 adquirenda
996 700 1238 741 coelestia:
1273 704 1318 740 et
1337 699 1441 740 inde

107 757 361 798 accendisti
395 756 618 810 quaedam
650 756 894 796 luminaria
927 757 972 796 in
1001 757 1309 807 firmamento,
1343 768 1442 796 ver-

105 813 213 853 bum
236 815 357 854 vitae
383 812 604 853 habentes
630 818 815 853 sanctos
839 817 966 864 tuos,
997 818 1043 853 et
1061 813 1344 867 spiritalibus
1364 813 1442 853 do-

108 870 178 910 nis
213 869 419 923 praelata
451 869 636 910 sublimi
668 871 945 910 auctoritate
979 868 1231 923 fulgentes3
1266 873 1312 909 et
1333 868 1440 908 inde

107 925 164 965 ad
197 926 467 965 imbuendas
504 925 715 966 infideles
740 930 901 980 gentes
928 931 1216 966 sacramenta
1241 930 1286 965 et
1308 925 1441 964 mira-

107 982 211 1022 cula
237 982 461 1032 visibilia,
495 994 726 1035 vocesque
755 982 996 1022 verborum
1022 982 1271 1022 secundum
1296 982 1442 1021 firma-

104 1043 307 1078 mentum
330 1038 438 1078 libri
461 1039 551 1088 tui‚
584 1039 747 1092 quibus
775 1040 913 1078 etiam
932 1038 1092 1079 fideles
1111 1038 1442 1078 benediceren-

105 1099 200 1143 tur,
227 1107 284 1135 ex
308 1095 502 1135 materia
526 1095 758 1149 corporali
781 1094 1056 1147 produxisti.
1118 1095 1177 1134 Et
1203 1094 1367 1134 deinde
1396 1094 1444 1133 fi-

107 1150 278 1191 delium
312 1153 507 1191 animam
539 1152 687 1191 vivam
720 1163 802 1205 per
828 1150 1038 1191 adfectus
1075 1151 1313 1191 ordinatos
1338 1163 1444 1190 con-

105 1207 328 1247 tinentiae
354 1208 516 1261 vigore
540 1206 772 1258 formasti3
805 1214 941 1261 atque
967 1207 1072 1247 inde
1099 1208 1185 1247 tibi
1209 1207 1298 1247 soli
1320 1219 1443 1246 men-

107 1269 200 1303 tem
218 1264 449 1304 subditam
469 1269 514 1304 et
531 1264 700 1304 nullius
719 1264 1010 1303 auctoritatis
1030 1262 1252 1302 humanae
1273 1262 1329 1302 ad
1346 1263 1443 1302 imi-

106 1319 294 1359 tandum
317 1320 601 1373 indigentem
625 1319 862 1359 renovasti
881 1319 935 1358 ad
958 1319 1202 1372 imaginem
1223 1323 1269 1358 et
1287 1318 1443 1358 simili-

106 1375 312 1415 tudinem
329 1381 468 1425 tuam,
481 1376 824 1428 praestantique
845 1375 1102 1415 intellectui
1121 1374 1445 1414 rationabilem

106 1431 337 1472 actionem
369 1437 602 1485 tamquam
634 1433 732 1472 viro
759 1430 976 1470 feminam
999 1431 1268 1481 subdidisti,
1304 1432 1444 1471 omni-

106 1487 283 1542 busque
307 1488 400 1528 tuis
423 1488 692 1528 ministeriis
712 1487 769 1527 ad
786 1486 1093 1540 perficiendos
1114 1486 1274 1527 fideles
1294 1487 1340 1526 in
1359 1485 1444 1527 hac

107 1544 201 1584 vita
233 1544 530 1594 necessariis,
567 1544 620 1583 ab
642 1543 815 1584 eisdem
833 1543 1046 1584 fidelibus
1067 1543 1123 1582 ad
1140 1557 1250 1583 usus
1270 1548 1443 1597 tempo-

107 1601 251 1651 rales,
277 1599 519 1640 fructuosa
542 1601 588 1640 in
613 1599 814 1640 futurum
840 1612 980 1653 opera
1000 1600 1213 1652 praeberi
1237 1599 1440 1640 voluisti.

107 1656 237 1697 Haec
263 1657 416 1697 omnia
440 1657 666 1706 ridemus,
702 1661 748 1696 et
768 1657 891 1696 bona
914 1662 1018 1696 sunt
1041 1656 1193 1706 valde3
1228 1656 1442 1710 quoniam

107 1719 157 1752 tu
176 1726 231 1753 ea
247 1713 376 1754 vides
395 1714 440 1752 in
459 1714 612 1762 nobis,
634 1712 709 1766 qui
730 1711 962 1765 Spiritum,
984 1725 1071 1766 quo
1093 1725 1147 1753 ea
1164 1713 1442 1764 videremus,

109 1774 156 1809 et
173 1770 219 1809 in
238 1771 304 1810 eis
322 1775 367 1809 te
388 1782 659 1819 amaremus,
682 1768 850 1808 dedisti
869 1769 1019 1809 nobis.

193 1825 241 1864 C.
264 1824 454 1866 XXXV.
486 1825 683 1866 Domine
702 1824 843 1874 Deus,
862 1837 1019 1877 pacem
1042 1825 1098 1864 da
1117 1825 1248 1865 nobis
1270 1825 1444 1871 (omnia

109 1882 230 1921 enim
251 1881 529 1934 praestitisti
553 1881 728 1932 nobis),
760 1893 919 1934 pacem
945 1882 1134 1934 quietiS,
1158 1894 1316 1933 pacem
1343 1881 1443 1920 sab-

110 1937 226 1987 bati,
246 1949 404 1991 pacem
426 1935 505 1989 [al.
527 1936 726 1991 sabbati]
750 1938 847 1977 sine
867 1950 1074 1990 vespera.
1139 1937 1294 1976 Omnis
1317 1937 1441 1990 quip-

110 2005 164 2047 pe
188 1994 276 2034 iste
298 1993 409 2033 ordo
437 1991 766 2045 pulcherrimus
784 2005 936 2033 rerum
957 1994 1085 2033 valde
1103 1993 1325 2032 bonarum
1348 2005 1442 2032 mo-

111 2050 180 2089 dis
206 2050 300 2090 suis
327 2049 527 2102 peractis
551 2050 826 2089 transiturus
853 2056 943 2100 est,
981 2055 1025 2089 et
1049 2061 1180 2089 mane
1207 2050 1371 2102 quippe
1394 2049 1440 2088 in

112 2107 178 2145 eis
199 2105 369 2145 factum
391 2109 474 2152 est,
496 2108 542 2144 et
558 2116 763 2158 vespera.

194 2162 241 2201 C.
266 2159 476 2200 XXXVI.
538 2159 649 2200 Dies
685 2167 837 2200 autem
870 2163 1090 2214 septimus
1124 2162 1222 2200 sinc
1248 2173 1440 2214 vespera

111 2226 195 2267 est,
230 2229 314 2257 nec
349 2215 486 2257 habet
525 2228 756 2267 occasum,
794 2217 899 2271 quia
918 2217 1214 2257 sanctificasti
1253 2229 1353 2257 eum
1382 2218 1437 2258 ad
