1514 2438
276 117 811 162 CONFESSIONUM
840 121 1043 164 LIBER
1072 124 1205 165 VIII.
1324 127 1400 166 125

81 205 257 259 angelis
273 205 457 255 sanctis,
474 205 512 244 si
528 217 628 245 eum
646 206 830 247 timeret
848 204 1002 249 coram
1019 207 1277 251 hominibus
1297 224 1401 252 con-

81 262 220 310 fiteri,
253 272 449 314 reusque
483 261 570 300 sibi
602 264 754 316 magni
787 264 988 305 criminis
1013 265 1224 319 adparuit
1245 268 1404 308 erube-

82 318 251 358 scendo
277 317 332 356 de
357 318 654 357 sacramentis
680 317 950 360 humilitatis
972 320 1115 362 Verbi
1135 323 1227 373 tui,
1249 329 1295 363 et
1312 337 1407 364 non

89 373 400 414 erubescendo
417 372 471 412 de
487 373 629 413 sacris
648 375 887 428 sacrilegis
907 378 1205 430 superborum
1224 378 1404 420 daemo-

86 430 286 479 niorum,
312 441 426 482 quae
449 430 654 469 imitator
671 431 892 483 superbus
912 440 1167 486 acceperat,
1187 435 1407 489 depuduit

85 486 275 525 vanitati
299 490 346 524 et
368 485 550 525 erubuit
570 486 775 536 veritati,
810 488 1052 542 subitoque
1076 495 1122 530 et
1142 491 1405 544 inopinatus

88 542 152 580 ait
176 540 493 594 Simpliciano,
517 546 568 581 ut
591 542 690 594 ipse
714 543 945 584 narrabat:
980 557 1165 593 „eamus
1189 547 1236 586 in
1260 547 1406 588 eccle-

87 598 216 647 siam,
237 596 521 637 Christianus
540 597 644 637 volo
665 598 813 638 fieri.“
871 601 927 640 At
944 600 1022 641 ille
1042 614 1132 642 non
1151 615 1198 642 se
1220 604 1404 656 capiens

85 653 263 693 laetitia
299 653 504 706 perrexit
536 666 636 694 cum
671 666 740 694 eo.
799 654 887 695 Ubi
920 662 1071 697 autem
1101 658 1301 699 imbutus
1336 664 1406 699 est

83 710 239 762 primis
271 709 623 749 instructionum
655 712 973 763 sacramentis,
1006 726 1097 753 non
1128 714 1271 754 multo
1301 720 1406 769 post

82 767 219 805 etiam
236 777 401 805 nomen
420 765 566 815 dedit,
586 770 635 805 ut
650 778 731 819 per
745 766 1018 820 baptismum
1034 777 1405 823 regeneraretur,

79 822 272 861 mirante
292 822 449 871 Roma,
465 821 693 875 gaudente
715 823 926 864 ecclesia.
963 823 1157 878 Superbi
1172 826 1404 877 videbant,

82 883 126 917 et
143 877 477 928 irascebantur3
522 876 731 918 dentibus
751 880 845 919 suis
864 880 1121 921 stridebant
1137 887 1183 922 et
1197 883 1404 923 tabesce-

80 933 208 972 bant:
244 945 376 973 servo
396 938 547 973 autem
563 938 643 973 tuo
662 933 886 976 Dominus
904 935 1029 977 Deus
1049 942 1148 977 erat
1165 950 1268 991 spes
1289 940 1402 989 eius,

85 996 129 1029 et
148 1004 238 1028 non
255 989 535 1041 respiciebat
551 990 598 1029 in
613 991 841 1031 vanitates
861 997 906 1032 et
922 992 1123 1033 insanias
1142 994 1401 1036 mendaces.

80 1044 289 1099 Denique
322 1049 373 1084 ut
394 1050 577 1085 ventum
610 1051 681 1086 est
708 1047 765 1087 ad
787 1045 948 1088 horam
970 1049 1256 1102 profitendae
1278 1051 1402 1101 fidei,

81 1113 196 1154 quae
228 1100 380 1141 verbis
410 1101 548 1141 certis
575 1104 810 1157 conceptis
832 1105 1116 1159 retentisque
1138 1108 1405 1148 memoriter

81 1158 136 1197 de
156 1158 260 1197 loco
281 1157 601 1207 eminentiore,
620 1158 668 1198 in
686 1165 938 1213 conspectu
953 1161 1113 1214 populi
1130 1163 1296 1214 fidelis,
1315 1164 1402 1204 Ro-

79 1225 179 1253 mae
207 1213 338 1253 reddi
366 1213 487 1252 solet
518 1213 572 1253 ab
602 1215 690 1264 eis,
727 1217 804 1268 qui
833 1218 1066 1257 accessuri
1095 1224 1199 1259 sunt
1222 1219 1280 1259 ad
1303 1232 1402 1273 gra-

79 1270 188 1309 tiam
206 1274 346 1318 tuam,
367 1269 568 1309 oblatum
587 1282 689 1310 esse
709 1271 891 1312 dicebat
907 1271 1149 1314 Victorino
1169 1287 1196 1313 a
1212 1276 1400 1328 presby-

79 1326 207 1374 teris,
225 1331 273 1365 ut
290 1325 514 1364 secretius
534 1326 764 1377 redderet,
780 1329 899 1368 sicut
916 1330 1162 1379 nonnullis,
1182 1331 1259 1383 qui
1276 1344 1401 1371 vere-

80 1381 244 1420 cundia
255 1380 527 1434 trepidaturi
543 1382 828 1433 videbantur,
845 1383 1003 1424 offerri
1018 1398 1117 1425 mos
1138 1391 1253 1437 erat;
1272 1387 1401 1426 illum

80 1442 232 1476 autem
261 1437 478 1476 maluisse
502 1437 696 1478 salutem
719 1452 846 1479 suam
868 1440 915 1479 in
940 1447 1190 1494 conspectu
1213 1448 1398 1483 sanctae

76 1492 380 1532 multitudinis
412 1492 632 1545 profiteri.
691 1493 795 1534 Non
823 1497 942 1536 enim
965 1503 1064 1536 erat
1086 1489 1230 1548 salus,
1265 1511 1399 1552 quam

78 1548 275 1590 docebat
289 1549 333 1587 in
348 1546 593 1599 rhetorica,
609 1554 653 1589 et
668 1555 821 1590 tamen
841 1563 939 1591 eam
956 1553 1138 1604 publice
1156 1553 1394 1607 professus

80 1609 190 1644 erat.
253 1604 432 1653 Quanto
459 1605 605 1645 minus
632 1617 742 1660 ergo
766 1608 915 1647 vereri
940 1609 1096 1649 debuit
1112 1616 1398 1650 mansuetum

78 1672 267 1715 gregem
287 1665 414 1700 tuum
430 1663 728 1714 pronuntians
746 1663 854 1703 verb
863 1677 933 1703 um
949 1670 1095 1714 tuum,
1121 1666 1198 1719 qui
1215 1679 1307 1706 non
1327 1679 1397 1706 ve-

76 1717 261 1757 rebatur
282 1717 330 1756 in
351 1717 503 1756 verbis
528 1717 622 1758 suis
645 1718 803 1760 turbas
826 1720 1111 1762 insanorum!
1143 1721 1302 1776 Itaque
1319 1723 1398 1763 ubi

79 1772 335 1823 adscendit,
351 1779 401 1812 ut
417 1773 646 1824 redderet,
669 1787 824 1816 omnes
844 1776 1028 1818 sibimet
1046 1778 1257 1829 invicem,
1277 1780 1397 1832 quis-

77 1840 163 1881 que
187 1833 237 1868 ut
260 1841 363 1869 eum
383 1835 594 1881 noverat,
618 1831 961 1885 instrepuerunt
982 1846 1145 1874 nomen
1164 1835 1263 1875 eius
1283 1842 1396 1875 stre-

74 1884 173 1938 pitu
195 1884 515 1938 gratulationis
539 1887 658 1939 (quis
683 1893 834 1928 autem
850 1889 915 1928 ibi
931 1902 1022 1930 non
1039 1902 1143 1930 eum
1159 1891 1394 1942 noveratZ)

76 1945 122 1980 et
145 1941 300 1981 sonuit
316 1952 474 1994 presso
494 1943 648 1982 sonitu
664 1956 746 1997 per
764 1956 845 1984 ora
862 1951 1128 1987 cunctorum
1148 1947 1395 1992 collaetan-

72 1997 204 2036 tium:
228 1995 510 2047 Victorinus,
527 1996 808 2041 Victorinus.
856 2001 957 2042 Cito
977 2009 1229 2043 sonuerunt
1244 2003 1395 2043 ‚exsul-

74 2053 271 2102 tatione,
291 2053 396 2105 quia
418 2052 634 2094 videbant
658 2067 777 2107 eum3
814 2062 859 2097 et
883 2059 975 2098 cito
1001 2059 1227 2099 siluerunt
1248 2059 1393 2098 inten-

75 2110 223 2159 tione,
246 2114 296 2149 ut
318 2108 530 2153 audirent
552 2122 667 2151 eum.
727 2112 1049 2154 Pronuntiavit
1069 2115 1148 2154 ille
1168 2114 1303 2154 fidem
1322 2126 1393 2153 ve-

75 2177 227 2204 racem
264 2164 500 2219 praeclara
532 2166 717 2217 fiducia,
764 2173 809 2209 et
840 2170 1058 2211 volebant
1096 2183 1197 2210 eum
1236 2182 1392 2210 omnes

77 2232 234 2274 *apere
281 2222 401 2261 intro
452 2221 498 2260 in
547 2234 626 2262 cor
676 2237 823 2276 suum3
870 2231 917 2266 et
961 2226 1200 2281 rapiebant
1245 2238 1394 2266 aman-
