1514 2438
318 120 854 165 CONFESSIONUM
882 119 1094 162 LIBER
1122 119 1156 160 1.
1362 118 1411 158 Π

65 208 256 250 ventus?
288 208 416 249 Itane
436 207 560 249 aliud
582 220 672 247 non
693 212 806 257 erat,
824 206 902 247 ubi
922 210 1218 248 exerceretur
1235 202 1412 257 ingeni-

66 279 142 306 um
162 271 208 306 et
227 266 386 319 lingua
402 264 529 306 mea?
547 264 731 304 Laudes
750 268 871 313 tuae,
891 262 1106 314 Domine,
1124 260 1287 303 laudes
1304 265 1411 300 tuae

66 335 149 378 per
186 322 436 376 scripturas
474 326 577 361 tuas
617 319 953 375 suspenderent
988 319 1225 375 palmitem
1255 315 1410 357 cordis

66 379 180 429 mei,
222 384 269 419 et
307 390 398 418 non
437 381 677 427 raperetur
711 388 790 426 per
821 375 977 416 inania
1008 387 1232 432 nugarum
1260 372 1407 426 turpis

66 436 239 489 praeda
264 434 553 476 volatilibus.
592 432 696 474 Non
717 432 836 472 enim
856 445 945 473 uno
963 432 1101 474 modo
1123 430 1410 473 sacrificatur

65 490 488 546 transgressoribus
515 489 709 544 angelis.

152 547 397 588 C.XV111.
460 547 598 596 Quid
624 551 802 586 autem
828 545 1049 596 mirum,
1079 544 1224 600 quod
1247 544 1301 584 in
1324 554 1407 582 va-

67 606 276 645 nitates
301 604 381 644 ita
404 602 654 652 ferebar,
683 608 735 643 et
764 615 789 641 a
811 607 879 652 te,
899 601 1045 642 Deus
1071 615 1149 642 me
1166 615 1242 650 us,
1268 599 1409 639 ibam

66 660 236 711 foras,
262 660 477 715 quando
502 658 635 700 mihi
659 658 918 699 imitandi
944 657 1412 712 proponebantur

69 716 342 767 homines,
394 717 480 771 qui
516 716 702 771 aliqua
735 714 889 755 facta
922 727 1017 755 sua
1050 727 1151 754 non
1185 713 1324 754 mala
1366 711 1411 751 si

71 787 187 815 cum
230 774 572 814 barbarismo
625 778 716 812 aut
764 771 1110 811 soloecismo
1164 768 1410 810 enuntia-

69 838 219 881 rent,
244 828 577 884 reprehensi
602 827 1117 879 confundebantur3
1151 826 1197 866 si
1227 830 1411 865 autem

70 886 341 928 libidines
374 899 498 927 suas
531 885 775 940 integris
804 889 857 924 et
878 884 990 924 rite
1019 880 1411 937 consequenti-

69 944 175 984 bus
221 943 407 984 rerbis
454 943 687 996 copiose
742 945 1047 994 ornateque
1100 941 1411 986 narrarent,

72 1000 287 1041 laudati
327 997 743 1054 gloriabantur?
772 996 916 1039 Vides
942 996 1077 1047 haec,
1110 995 1334 1044 Domine,
1370 1003 1417 1032 et

72 1064 223 1106 taces,
263 1056 540 1110 longanimis
576 1062 623 1096 et
653 1054 846 1095 multum
878 1054 1145 1095 misericors
1183 1057 1229 1093 et
1260 1063 1414 1092 verax.

70 1112 302 1167 Numquid
343 1125 524 1166 semper
564 1110 767 1152 tacebis‘}
805 1111 865 1151 Et
904 1124 1024 1151 nunc
1065 1111 1189 1151 eruis
1232 1108 1286 1149 de
1328 1106 1416 1147 hoc

69 1169 399 1210 immanissimo
445 1167 676 1222 profundo
720 1173 1016 1222 quaerentem
1057 1174 1105 1208 te
1143 1167 1337 1207 animam
1374 1169 1419 1202 et

71 1227 305 1267 sitientem
335 1226 671 1267 delectationes
698 1230 825 1275 tuas,
852 1229 899 1265 et
924 1224 1052 1265 cuius
1082 1235 1162 1265 cor
1181 1222 1294 1263 dicit
1311 1220 1416 1261 tibi:

74 1282 270 1338 quaesivi
293 1284 457 1324 vultum
485 1288 628 1331 tumn,
663 1282 829 1322 vultum
855 1287 999 1330 taum,
1033 1279 1248 1328 Domine,
1276 1275 1419 1332 requi-

72 1340 198 1380 ram!
232 1339 328 1388 (Ps.
350 1341 418 1389 27,
439 1339 498 1391 8.)
560 1337 678 1379 Nam
705 1338 845 1391 longe
872 1350 899 1377 a
921 1337 1050 1378 vultu
1069 1342 1148 1377 tuo
1167 1336 1214 1375 in
1234 1333 1419 1374 adfectu

71 1395 338 1436 tenebroso.
397 1394 499 1436 Non
536 1395 655 1435 enim
689 1394 885 1448 pedibus
920 1398 999 1434 aut
1024 1392 1186 1447 spatiis
1210 1392 1420 1432 locorum

72 1451 167 1491 itur
186 1451 264 1491 abs
283 1458 344 1502 te,
365 1457 443 1495 aut
460 1452 637 1491 reditur
656 1451 713 1491 ad
731 1456 793 1490 te.
841 1451 929 1490 Aut
945 1461 1056 1489 vero
1076 1449 1197 1488 filius
1215 1447 1295 1487 ille
1314 1451 1419 1486 tuus

73 1507 224 1549 minor
251 1518 393 1560 equos
415 1512 492 1547 aut
511 1519 670 1547 currus
688 1505 762 1547 rel
780 1518 920 1547 naves
942 1504 1191 1559 quaesivit,
1219 1508 1297 1543 aut
1315 1513 1420 1542 avo-

75 1563 192 1605 lavit
215 1575 365 1617 penna
389 1563 561 1603 risibili
576 1593 587 1613 ,
616 1568 695 1603 aut
719 1568 846 1603 moto
907 1562 1048 1617 oplite
1068 1562 1159 1601 iter
1178 1560 1288 1614 egit,
1306 1563 1357 1598 ut
1374 1558 1419 1596 in

74 1619 330 1674 longinqua
363 1620 556 1674 regione
583 1620 741 1660 vivens
769 1576 965 1674 prodige
995 1618 1263 1672 dissiparet,
1300 1613 1422 1669 quod

79 1676 273 1717 dederas
292 1675 633 1730 proficiscenti‘}
662 1675 826 1717 Dulcis
845 1682 999 1730 pater,
1020 1674 1126 1728 quia
1145 1672 1357 1721 dederas,
1379 1675 1424 1710 et

79 1745 226 1787 egeno
252 1732 462 1773 redeunti
494 1732 687 1773 dulcior.
749 1732 798 1771 In
818 1731 1005 1773 adfectu
1025 1742 1136 1785 ergo
1151 1729 1421 1775 libidinose,

76 1789 125 1829 id
144 1789 262 1830 enim
283 1794 353 1829 est
370 1789 620 1830 tenebroso
633 1820 642 1838 ‚
671 1794 807 1842 atque
825 1788 873 1829 id
892 1793 963 1829 est
979 1789 1118 1841 longe
1139 1798 1165 1825 a
1181 1785 1310 1826 vultu
1327 1789 1425 1824 tuo.

77 1845 197 1886 Vide
211 1876 221 1896 ,
239 1844 437 1885 Domine
456 1845 599 1896 Deus,
621 1851 666 1885 et
684 1846 928 1899 patienter,
942 1850 993 1885 ut
1010 1844 1155 1893 vides,
1174 1842 1295 1892 vide,
1316 1851 1424 1893 quo-

77 1902 217 1943 modo
243 1901 492 1956 diligenter
519 1902 768 1943 observent
793 1901 878 1941 filii
902 1899 1135 1942 hominum
1161 1904 1297 1953 pacta
1322 1897 1423 1937 lite—

76 1969 233 1999 rarum
261 1963 306 1998 et
333 1958 639 2011 syllabarum,
676 1962 868 2013 accepta
893 1970 919 1997 a
944 1956 1176 2013 prioribus
1202 1952 1421 1995 locutori-

76 2013 185 2065 bus,
214 2021 260 2056 et
285 2027 311 2054 a
336 2019 382 2054 te
410 2021 600 2070 accepta
625 2021 815 2055 aeterna
838 2020 976 2068 pacta
991 2016 1239 2067 perpetuae
1260 2008 1422 2051 salutis

78 2072 332 2127 negligant,
358 2076 409 2112 ut
421 2072 495 2126 qui
508 2072 589 2113 illa
601 2084 817 2113 sonorum
830 2075 987 2111 vetera
1003 2069 1340 2124 placitateneat
1350 2069 1427 2103 aut

82 2127 270 2179 doceat,
297 2130 338 2170 si
363 2134 524 2169 contra
549 2128 839 2181 disciplinam
863 2126 1207 2181 grammaticam
1223 2124 1320 2163 sine
1350 2119 1425 2159 ad-

82 2183 333 2236 spiratione
348 2185 522 2240 primae
539 2184 748 2238 syllabae
765 2196 789 2224 o
802 2184 908 2224 min
920 2195 944 2223 e
957 2196 999 2223 m
1028 2180 1253 2229 dixerit,
1271 2175 1424 2229 displi-

82 2246 186 2282 ceat
214 2245 360 2296 magis
393 2239 669 2292 hominibus,
697 2253 830 2295 quam
850 2240 889 2281 si
909 2244 1070 2280 contra
1086 2243 1164 2278 tua
1180 2236 1428 2290 praecepta

138 2303 361 2338 Arctsr.
394 2304 633 2339 Com-sss-
1038 2295 1076 2335 Β
