1473 2443
65 84 118 123 75
379 85 659 126 AURELII
686 85 1070 127 AUGUSTINI

65 181 165 209 mae
185 182 309 219 suae,
327 182 382 209 an
402 170 547 209 maior
560 170 762 210 minorve
781 169 1045 224 proflueret,
1059 182 1189 223 quam
1208 171 1384 223 praedi-

67 225 275 276 cabatur3
310 230 356 265 et
373 225 525 265 verbis
545 226 642 266 eius
661 227 973 280 suspendebar
990 227 1213 276 intentus,
1234 238 1385 265 rerum

65 286 216 320 autem
232 281 492 321 incuriosus
512 287 558 321 et
572 287 828 322 contemtor
847 282 1103 331 adstabam3
1125 287 1171 321 et
1188 282 1385 322 delecta-

65 337 146 375 bar
163 337 387 376 suavitate
404 338 644 388 sermonis,
661 351 929 392 quamquam
948 338 1385 387 eruditioris,minus

65 400 214 432 tamen
225 391 543 432 hilarescentis
557 400 690 446 atque
700 394 941 434 mulcentis
961 406 1092 446 quam
1104 394 1263 433 Fausti
1274 400 1385 443 erat,

66 448 184 500 quod
219 448 395 487 adtinet
424 449 481 488 ad
499 449 681 489 dicendi
708 450 904 489 modum.
967 450 1207 489 Caeterum
1234 461 1387 489 rerum

66 505 267 555 ipsarum
294 503 420 543 nulla
437 505 742 557 comparati03
775 518 877 544 nam
894 506 973 544 ille
994 517 1074 558 per
1091 504 1385 544 Manichaeas

64 559 274 598 fallacias
298 559 560 609 aberrabat,
588 562 675 600 iste
704 566 855 600 autem
873 561 1170 600 saluberrime
1192 560 1387 600 docebat

66 615 273 654 salutem.
337 614 426 655 Sed
447 616 583 668 longe
604 621 673 656 est
690 628 716 655 a
732 616 1052 669 peccatoribus
1074 616 1217 665 salus,
1239 616 1385 668 qualis

66 683 152 723 ego
174 675 280 709 tunc
306 671 508 721 aderam;
544 677 589 710 et
606 676 756 711 tamen
774 671 1134 724 propinquabam
1154 673 1322 711 sensim
1343 677 1387 710 et

66 738 291 765 nesciens.

149 782 196 821 C.
225 780 344 822 XIV.
407 782 518 822 Cum
543 784 661 822 enim
686 795 777 822 non
796 787 1054 835 satagerem
1073 783 1251 822 discere
1272 795 1385 835 quae

66 836 270 886 dicebat,
307 837 388 877 sed
413 843 587 878 tantum
613 838 993 891 quemadmodum
1018 838 1200 878 dicebat
1225 839 1384 878 audire

66 893 141 938 (ea
158 891 269 931 mihi
287 893 451 946 quippe
471 894 560 934 iam
579 895 841 947 desperanti
859 894 917 934 ad
932 899 976 933 te
995 895 1112 933 viam
1132 899 1287 946 patere
1308 892 1385 933 ho-

62 948 173 987 mini
196 948 343 988 inanis
371 962 479 989 cura
501 953 818 1000 remanserat),
846 950 1091 990 veniebant
1115 950 1161 989 in
1191 950 1386 989 animum

62 1016 212 1043 meum
231 1004 365 1044 simul
383 1018 484 1044 cum
500 1006 651 1045 verbis
664 1036 674 1055 ,
703 1018 817 1058 quae
846 1006 1114 1059 diligebam,
1134 1017 1208 1044 res
1227 1006 1385 1054 etiam,

64 1071 175 1111 quas
207 1060 512 1113 negligebam.
573 1059 731 1113 Neque
768 1062 887 1101 enim
920 1074 974 1101 ea
1009 1062 1223 1101 dirimere
1259 1066 1385 1113 pote-

63 1127 174 1154 ram.
220 1115 279 1154 Et
299 1116 403 1155 dum
418 1128 497 1155 cor
515 1117 736 1169 aperirem
756 1117 813 1156 ad
832 1117 1151 1169 excipiendum
1170 1122 1303 1170 quam
1322 1117 1346 1155 d
1355 1117 1379 1154 i-

65 1174 186 1210 serte
206 1171 403 1221 diceret,
422 1172 594 1224 pariter
610 1172 829 1222 intrabat,
851 1178 896 1212 et
915 1185 1047 1225 quam
1065 1184 1171 1211 vere
1193 1173 1383 1219 diceret,

64 1226 291 1279 gradatim
325 1228 523 1279 quidem.
581 1227 695 1268 Nam
727 1228 872 1281 primo
909 1229 1047 1267 etiam
1073 1228 1173 1280 ipsa
1200 1226 1384 1267 defendi

63 1294 199 1334 posse
235 1280 350 1321 mihi
374 1283 462 1322 iam
489 1289 737 1337 coeperant
760 1283 926 1334 videri3
961 1288 1007 1323 et
1030 1283 1166 1322 fidem
1195 1281 1365 1322 catholi

64 1350 184 1387 cam,
208 1349 291 1390 pro
318 1351 406 1391 qua
430 1337 545 1379 nihil
561 1352 697 1392 posse
718 1339 807 1378 dici
826 1339 1045 1379 adversus
1068 1344 1383 1392 oppugnantes

62 1392 360 1434 Manichaeos
378 1399 664 1446 putaveram,
691 1395 781 1434 iam
803 1407 893 1435 non
921 1394 1208 1447 impudenter
1232 1394 1385 1433 adscrl

64 1449 402 1499 existimabam,
432 1452 628 1491 maxime
653 1450 808 1490 audito
845 1463 935 1490 uno
974 1456 1109 1503 atque
1135 1450 1302 1498 altero,
1339 1455 1384 1489 et

62 1505 245 1557 saepius
261 1506 518 1559 aenigmate
534 1507 686 1546 soluto
702 1506 757 1547 de
770 1506 1008 1559 scripturis
1018 1505 1268 1545 veteribus:
1289 1506 1380 1554 ubi,

63 1573 164 1600 cum
188 1559 244 1599 ad
270 1561 451 1600 literam
474 1563 748 1615 acciperem,
784 1562 1043 1602 occidebar.
1105 1561 1382 1613 Spiritaliter

60 1617 215 1668 itaque
229 1617 459 1670 plerisque
473 1618 659 1657 illorum
676 1618 899 1657 librorum
919 1617 1141 1670 expositis
1151 1616 1280 1664 locis,
1291 1617 1381 1655 iam

60 1671 452 1723 reprehendebam
475 1673 841 1726 desperationem
864 1685 1030 1721 meam,
1055 1672 1181 1712 illam
1206 1671 1377 1711 dumta-

60 1731 139 1766 xat
157 1740 245 1779 qua
263 1728 567 1778 credideram,
586 1728 759 1781 Legem
779 1733 825 1768 et
838 1727 1093 1780 Prophetas
1113 1727 1379 1768 detestanti-

59 1782 142 1821 bus
156 1788 290 1835 atque
303 1783 599 1823 irridentibus
611 1784 767 1823 resisti
780 1784 962 1823 omnino
982 1796 1073 1823 non
1091 1795 1243 1835 posse.
1281 1782 1378 1822 Nec

63 1844 211 1878 tamen
228 1839 318 1877 iam
336 1838 442 1878 ideo
460 1838 571 1878 mihi
590 1838 862 1879 catholicam
880 1840 998 1878 viam
1015 1839 1257 1878 tenendam
1276 1851 1378 1878 esse

62 1893 334 1944 sentiebam,
359 1895 462 1947 quia
482 1895 645 1947 etipsa
661 1900 844 1947 poterat
859 1894 1025 1934 habere
1046 1895 1207 1934 doctos
1226 1894 1379 1934 adser-

61 1954 185 1988 tores
209 1961 337 1999 suos,
357 1951 429 2002 qui
453 1951 639 2002 copiose
660 1955 704 1989 et
720 1964 811 1989 non
830 1951 1024 1990 absurde
1045 1951 1227 1989 obiecta
1242 1949 1378 1988 refol-

60 2005 225 2055 lerent3
257 2016 341 2045 nec
366 2006 471 2045 ideo
498 2007 588 2045 iam
613 2006 912 2046 damnandum
938 2006 1073 2055 illud,
1107 2005 1228 2058 quod
1253 2010 1375 2044 tene-

60 2060 177 2109 bam,
198 2061 304 2113 quia
321 2060 603 2101 defensionis
622 2067 773 2114 partes
795 2062 1116 2114 aequabantur.
1172 2060 1240 2100 Ita
1259 2062 1378 2099 enim

61 2116 388 2156 catholicanon
406 2115 513 2156 mihi
531 2118 650 2157 victa
662 2117 946 2166 videbantur,
957 2122 1007 2156 ut
1025 2116 1221 2155 nondum
1240 2116 1377 2155 etiam

61 2173 225 2214 victrix
258 2173 511 2226 adpareret.
573 2174 701 2213 Tunc
733 2185 841 2213 vero
875 2173 1059 2213 fortiter
1086 2172 1258 2212 intendi
1284 2172 1375 2211 ani-
