1514 2438
292 78 814 122 CONFESSIONUM
843 81 1045 123 LIBER
1075 82 1156 124 XI.
1296 83 1376 125 223

58 166 185 220 poris
210 165 283 206 sol
307 177 487 206 cursum
507 165 636 206 illum
658 167 936 221 peregisset,
971 174 1186 221 quantum
1210 174 1280 209 est
1297 167 1377 210 ho·

57 234 136 262 rae
155 223 309 272 unius3
330 221 370 261 si
383 221 747 271 secundum,non
761 236 870 277 ergo
889 229 1012 263 esset
1026 225 1189 274 dies,si
1201 226 1256 266 ab
1273 231 1377 266 ortu

60 278 174 319 solis
198 290 343 331 usque
367 277 414 317 in
433 282 582 317 ortum
601 279 793 320 alterum
810 285 903 319 tam
919 280 1071 320 brevis
1089 292 1219 321 mora
1236 287 1376 331 esset,

63 346 197 388 quam
222 340 293 374 est
316 332 458 374 horae
478 336 633 384 unius,
668 335 749 375 sed
766 335 908 375 vicies
929 340 974 375 et
993 341 1153 389 quater
1171 337 1376 378 circumi-

60 395 133 430 ret
155 389 249 440 sol,
283 394 333 430 ut
352 389 557 443 expleret
577 390 715 442 diem3
749 392 789 431 si
807 396 1068 445 utrumque,
1102 404 1187 432 nec
1203 393 1282 433 ille
1303 393 1378 433 ad-

58 446 310 500 pellaretur
333 445 450 495 dies,
484 446 525 486 si
549 444 690 487 horae
716 448 864 501 spatio
892 448 965 488 sol
980 453 1126 488 totum
1149 463 1279 489 suum
1297 462 1377 503 gy·

57 515 158 542 rum
193 501 470 552 circumiret,
503 514 588 542 nec
618 503 719 553 ille,
753 505 793 544 si
825 503 923 544 sole
959 509 1167 545 cessante
1199 509 1376 546 tantum

59 558 278 612 temporis
296 558 585 613 praeteriret,
606 564 774 613 quanto
794 572 1015 614 peragere
1035 561 1106 601 sol
1122 565 1269 601 totum
1287 574 1377 601 am-

59 614 204 654 bitum
233 613 289 655 de
315 626 446 655 mane
474 615 521 654 in
548 627 681 656 mane
712 615 905 656 adsolet.
964 615 1067 657 Non
1085 616 1239 670 itaque
1258 630 1376 657 nunc

61 682 295 723 quaeram,
330 670 438 724 quid
455 670 515 710 sit
531 671 665 722 illud,
686 671 808 725 quod
823 676 1014 712 vocatur
1033 672 1149 722 dies,
1169 672 1251 712 sed
1269 673 1378 726 quid

61 726 121 766 sit
138 730 332 780 tempus,
353 738 441 780 quo
460 727 702 767 metientes
722 728 834 768 solis
852 729 1106 779 circuitum,
1122 729 1377 769 diceremus

62 794 163 822 eum
189 782 376 823 dimidio
402 782 550 836 spatio
574 784 795 837 temporis
818 789 1053 837 peractum
1077 786 1224 825 minus
1244 797 1378 839 quam

60 837 196 888 solet,
211 839 251 879 si
270 843 397 878 tanto
416 839 566 891 spatio
584 840 808 893 temporis
822 846 1035 894 peractus
1056 845 1193 890 esset,
1206 846 1375 895 quanto

59 899 342 947 peraguntur
370 892 511 935 horae
541 894 795 936 duodecim.
854 896 914 936 Et
935 902 1173 950 utrumque
1196 902 1375 951 tempus

60 955 377 1002 comparantes
402 950 656 991 diceremus
674 951 790 992 illud
807 952 1035 1005 simplum,
1069 951 1157 993 hoc
1175 953 1374 1007 duplum,

62 1007 199 1045 etiam
217 1006 258 1045 si
280 1006 524 1060 aliquando
548 1007 632 1048 illo
652 1008 837 1060 simplo,
862 1008 1105 1063 aliquando
1125 1010 1214 1049 isto
1236 1009 1374 1063 duplo

60 1061 132 1101 sol
149 1061 203 1102 ab
224 1063 401 1103 oriente
418 1074 562 1116 usque
581 1062 638 1102 ad
658 1063 881 1104 orientem
901 1066 1175 1106 circumiret.
1227 1064 1373 1106 Nemo

61 1129 172 1171 ergo
206 1116 319 1158 mihi
351 1117 474 1158 dicat
504 1119 774 1160 coelestium
808 1133 1051 1173 corporum
1082 1126 1234 1162 motus
1271 1133 1374 1161 esse

60 1179 287 1227 tempora,
307 1175 413 1228 quia
431 1179 476 1214 et
496 1174 732 1215 cuiusdam
747 1181 856 1216 voto
878 1189 978 1216 cum
996 1177 1068 1217 sol
1086 1178 1308 1226 stetisset,
1326 1183 1377 1217 ut

59 1231 359 1271 victoriosum
378 1231 603 1284 proelium
620 1237 876 1285 perageret,
896 1232 968 1272 sol
986 1233 1150 1282 stabat,
1164 1233 1246 1273 sed
1262 1239 1373 1272 tem-

58 1298 142 1338 pus
159 1286 270 1327 ibat.
330 1285 420 1326 Per
437 1300 566 1326 suum
584 1288 747 1340 quippe
767 1289 961 1339 spatium
978 1290 1218 1340 temporis,
1253 1288 1376 1341 quod

59 1343 100 1382 ei
127 1343 381 1391 sufficeret,
414 1342 495 1381 illa
515 1355 668 1395 pugna
691 1349 824 1396 gesta
848 1348 982 1396 atque
1006 1343 1133 1383 finita
1157 1349 1239 1385 est.
1262 1343 1373 1397 [Ios.

60 1399 133 1446 10,
153 1399 202 1437 12
222 1395 305 1450 ss.]
366 1396 514 1438 Video
534 1398 676 1450 igitur
698 1404 906 1451 tempus
932 1399 1169 1452 quamdam
1189 1412 1290 1440 esse
1311 1400 1374 1440 di-

60 1454 352 1493 stentionem.
415 1452 506 1493 Sed
522 1453 656 1493 video
669 1484 679 1504 ,
714 1466 771 1494 an
789 1454 943 1495 videre
962 1453 1073 1495 mihi
1089 1456 1275 1497 videor}
1305 1457 1376 1497 Tu

61 1509 409 1559 demonstrabis,
427 1509 519 1559 lux,
537 1511 720 1551 veritas.

144 1565 191 1605 C.
215 1564 379 1605 XXIV.
439 1564 589 1615 Iubes,
607 1571 657 1605 ut
674 1565 936 1620 adprobem,
950 1567 990 1607 si
1008 1568 1106 1621 quis
1127 1569 1249 1609 dicat
1265 1574 1375 1609 tem-

58 1633 141 1674 pus
161 1633 264 1661 esse
283 1626 457 1661 motum
475 1622 707 1674 corporis?
750 1621 854 1662 Non
871 1623 1016 1664 iubes.
1077 1623 1190 1664 Nam
1210 1637 1374 1678 corpus

59 1677 232 1717 nullum
276 1678 367 1718 nisi
406 1678 453 1717 in
490 1682 700 1730 tempore
735 1679 911 1719 moveri
948 1680 1104 1720 audio:
1155 1685 1205 1721 tu
1244 1681 1374 1721 dicis.

61 1733 210 1785 Ipsum
243 1738 394 1773 autem
429 1735 634 1788 corporis
663 1739 835 1775 motum
857 1740 1034 1788 tempus
1060 1748 1161 1777 esse
1186 1749 1277 1777 non
1301 1750 1375 1777 au-

62 1789 158 1829 dio:
189 1800 281 1828 non
297 1794 347 1829 tu
366 1790 498 1830 dicis.
560 1790 669 1830 Cum
689 1791 807 1830 enim
824 1797 1034 1832 movetur
1052 1806 1238 1846 corpus,
1265 1798 1375 1833 tem-

61 1856 172 1897 pore
191 1847 379 1895 metior,
414 1858 547 1898 quam
565 1847 642 1887 diu
658 1852 916 1898 moveatur,
938 1860 994 1888 ex
1012 1861 1099 1902 quo
1118 1851 1294 1889 moveri
1311 1850 1375 1888 in-

64 1900 195 1953 cipit,
229 1900 376 1940 donec
395 1901 587 1942 desinat.
646 1903 705 1943 Et
724 1904 763 1944 si
780 1916 870 1943 non
888 1904 1002 1954 vidi,
1022 1917 1079 1945 ex
1097 1918 1185 1958 quo
1207 1905 1375 1957 coepit,

64 1961 109 1996 et
136 1962 402 2008 perseverat
426 1959 623 2008 moveri,
656 1964 706 2000 ut
731 1972 822 2000 non
840 1959 1041 2011 videam,
1075 1975 1175 2002 cum
1195 1961 1378 2009 desinit,

65 2024 156 2052 non
174 2012 305 2053 valeo
326 2013 593 2061 metiri,nisi
609 2013 730 2056 forte
750 2028 806 2056 ex
825 2028 913 2070 quo
931 2016 1087 2057 videre
1105 2016 1380 2070 incipio,do-

66 2080 150 2107 nec
174 2068 393 2109 desinam.
457 2068 588 2117 Quod
611 2073 648 2111 si
668 2072 745 2112 diu
763 2072 919 2122 video,
950 2073 1265 2113 tantummodo
1284 2073 1381 2112 lon-

69 2136 174 2176 gum
197 2129 374 2177 tempus
400 2137 502 2164 esse
522 2128 755 2177 renuntio,
789 2140 880 2168 non
899 2134 1050 2168 autem
1069 2134 1281 2182 quantum
1300 2128 1380 2177 sit3

69 2181 176 2232 quia
205 2185 250 2220 et
279 2187 493 2235 quantum
523 2193 622 2222 cum
652 2182 866 2234 dicimus,
901 2184 1148 2224 collatione
1175 2184 1381 2230 dicimus,
