1514 2438
274 137 799 181 CONFESSIONUM
828 139 1033 182 LIBER
1064 141 1170 184 XII.
1305 142 1385 184 255

54 223 329 263 misereatur
347 224 509 274 nostri,
527 229 577 265 ut
593 225 799 279 legitime
817 225 922 280 lege
943 232 1136 278 utamur,
1156 230 1391 282 praecepti

55 278 167 328 fine,
202 291 316 331 pura
351 281 558 321 caritate.
618 283 679 321 Ac
713 295 794 335 per
826 281 913 322 hoc
939 284 977 323 si
1003 284 1102 337 quis
1129 286 1306 338 quaerit
1332 297 1390 326 ex

54 346 148 385 me,
183 335 291 388 quid
315 334 476 376 horum
499 337 691 391 Moyses
715 338 796 378 ille
822 344 933 379 tuus
951 338 1149 380 famulus
1173 341 1386 391 senserit,

55 402 147 430 non
172 396 277 431 sunt
300 389 347 431 hi
365 404 601 434 sermones
623 394 967 435 confessionum
989 408 1210 448 mearum3
1244 397 1283 437 si
1300 397 1384 438 tibi

53 459 146 486 non
166 447 403 498 confiteor,
424 450 606 501 nescio;
641 455 687 490 et
705 453 800 490 scio
821 457 987 502 tamen,
1006 452 1110 492 illas
1129 465 1261 494 veras
1282 465 1384 494 esse

54 504 309 544 sententias
323 535 334 554 ,
364 506 569 558 exceptis
589 507 869 558 carnalibus,
890 508 945 548 de
965 509 1148 561 quibus,
1169 515 1384 562 quantum

54 560 333 611 existimavi,
350 560 532 602 locutus
552 577 669 603 sum:
703 576 817 616 quos
832 569 984 604 tamen
1002 565 1150 605 bonae
1169 566 1268 619 spei
1285 578 1384 620 par-

52 615 186 655 vulos
210 613 323 656 haec
342 618 483 657 verba
508 619 613 659 libri
639 620 707 659 tui
726 632 814 660 non
833 621 1068 671 territant,
1096 621 1189 662 alta
1207 620 1385 663 humili-

51 675 142 722 ter,
167 676 215 712 et
237 685 384 726 pauca
408 675 612 728 copiose.
675 675 766 716 Sed
791 689 961 726 omnes,
989 690 1102 731 quos
1126 678 1172 718 in
1197 679 1262 719 eis
1286 691 1384 719 ver·

50 725 122 767 bis
140 739 250 768 vera
268 741 456 770 cernere
477 744 529 771 ac
550 731 703 772 dicere
722 731 888 782 fateor,
909 733 1151 787 diligamus
1171 747 1254 774 nos
1272 735 1384 775 invi-

53 795 173 835 cem,
205 787 468 840 pariterque
493 787 736 841 diligamus
760 793 828 838 te,
852 788 1000 829 Deum
1024 795 1250 841 nostrum,
1283 790 1382 831 fon-

51 844 146 880 tem
168 842 399 891 veritaffis,
426 843 465 882 si
489 856 579 883 non
598 857 734 894 vana,
761 845 841 884 sed
860 845 1004 899 ipsam
1025 847 1226 897 sitimus3
1261 859 1380 887 eum-

52 895 246 950 demque
266 897 485 939 famulum
504 905 647 951 tuum,
668 901 922 954 scripturae
941 901 1075 943 huius
1096 903 1381 956 dispensato-

51 964 148 992 rem
161 983 171 1002 ,
192 953 366 1006 Spiritu
383 960 463 994 tuo
482 956 663 1008 plenum
676 988 686 1007 ‚
704 959 771 997 ita
789 955 1086 1009 honoremus,
1107 964 1156 999 ut
1174 958 1261 999 hoc
1281 972 1382 999 eum

51 1013 98 1048 te
121 1010 379 1061 revelante,
407 1024 507 1051 cum
533 1011 646 1053 haec
671 1014 916 1065 scriberet,
944 1015 1206 1056 adtendisse
1227 1017 1382 1057 creda-

49 1077 173 1115 mus,
200 1067 323 1119 quod
346 1067 392 1107 in
417 1069 482 1108 eis
508 1069 702 1110 maxime
729 1076 774 1110 et
796 1070 896 1110 luce
926 1072 1154 1122 veritatis,
1181 1076 1226 1112 et
1248 1071 1381 1126 fruge

50 1121 265 1163 utilitatis
286 1124 488 1165 excellit.

135 1178 183 1219 C.
208 1178 374 1220 XXXI.
435 1181 504 1221 Ita
552 1195 652 1222 cum
700 1183 816 1223 alius
858 1184 1044 1224 dixerit:
1093 1183 1181 1225 hoc
1220 1185 1382 1236 sensit,

51 1234 174 1287 quod
193 1247 300 1289 ego3
335 1241 380 1276 et
397 1237 534 1278 alius:
567 1239 658 1278 imo
678 1239 811 1289 illud,
833 1241 954 1294 quod
974 1253 1082 1294 ego3
1114 1241 1382 1294 religiosius

50 1302 121 1330 me
161 1291 361 1333 arbitror
400 1294 574 1335 dicere:
613 1308 693 1334 cur
725 1308 814 1335 non
849 1302 1089 1349 utrumque
1124 1298 1300 1350 potius,
1342 1297 1385 1337 si

49 1352 291 1401 utrumque
314 1362 472 1389 verum
498 1351 593 1390 est'}
623 1351 682 1390 Et
705 1351 744 1390 si
769 1351 875 1404 quid
900 1354 1105 1403 tertium,
1142 1357 1186 1392 et
1212 1354 1251 1393 si
1275 1353 1383 1406 quid

51 1409 282 1455 quartum,
309 1410 355 1444 et
379 1407 418 1444 si
444 1406 552 1459 quid
572 1407 754 1446 omnino
776 1408 898 1447 aliud
918 1420 1072 1448 verum
1092 1409 1316 1462 quispiam
1334 1409 1381 1449 in

50 1456 120 1498 his
143 1461 295 1500 verbis
314 1461 459 1510 videt,
487 1474 566 1501 cur
583 1475 674 1502 non
692 1463 772 1502 illa
792 1464 943 1503 omnia
959 1465 1130 1505 vidisse
1151 1464 1379 1515 credatur,

50 1527 132 1568 per
150 1528 282 1569 quem
302 1530 417 1557 unus
435 1517 561 1558 Deus
577 1531 732 1558 sacras
751 1519 911 1559 literas
931 1533 1040 1560 vera
1059 1526 1105 1561 et
1119 1522 1300 1562 diversa
1316 1521 1379 1562 vi-

51 1571 169 1611 suris
217 1572 461 1613 multorum
510 1576 720 1615 sensibus
757 1576 1054 1628 temperavit&
1098 1577 1199 1632 Ego
1240 1584 1380 1629 certe,

51 1628 174 1680 quod
197 1628 451 1682 intrepidus
477 1630 532 1670 de
553 1631 691 1671 corde
715 1644 817 1671 meo
843 1633 1112 1686 pronuntio,
1146 1635 1185 1674 si
1207 1635 1264 1674 ad
1289 1635 1380 1675 cul-

49 1696 152 1723 men
177 1687 467 1726 auctoritatis
492 1687 665 1741 aliquid
690 1688 959 1739 scriberem,
984 1690 1050 1729 sic
1066 1691 1251 1731 mallem
1269 1692 1379 1732 scri·

49 1739 184 1791 bere,
209 1746 260 1781 ut
287 1743 411 1795 quod
433 1744 531 1782 veri
557 1745 748 1798 quisque
773 1744 827 1784 de
847 1743 917 1785 his
936 1746 1072 1786 rebus
1093 1759 1255 1800 capere
1275 1760 1378 1800 pos-

50 1801 141 1845 set,
159 1809 262 1838 mea
277 1800 419 1839 verba
434 1807 720 1850 resonarent,
740 1814 870 1854 quam
889 1806 939 1841 ut
957 1815 1090 1842 unam
1108 1815 1261 1843 veram
1280 1816 1379 1844 sen-

49 1853 259 1903 tentiam,
292 1854 350 1894 ad
381 1853 470 1895 hoc
501 1857 705 1909 apertius
738 1870 977 1910 ponerem,
1012 1864 1062 1899 ut
1088 1859 1381 1900 excluderem

52 1913 282 1960 caeteras,
319 1923 508 1963 quarum
532 1912 711 1953 falsitas
734 1925 805 1953 me
829 1926 920 1953 non
943 1920 1104 1968 posset
1127 1914 1378 1957 offendere.

49 1963 170 2005 Nolo
195 1966 372 2019 itaque,
397 1966 523 2008 Deus
547 1982 694 2020 meus,
717 1974 810 2009 tam
833 1982 1054 2025 praeceps
1079 1984 1202 2022 esse,
1222 1977 1272 2012 ut
1290 1970 1379 2012 hoc

48 2019 178 2061 illum
203 2022 347 2062 virum
367 2023 422 2063 de
447 2028 493 2063 te
516 2027 738 2066 meruisse
753 2039 843 2066 non
863 2027 1059 2068 credam.
1122 2028 1276 2069 Sensit
1295 2027 1376 2068 ille

51 2079 234 2118 omnino
255 2079 303 2118 in
323 2077 393 2118 his
413 2081 565 2120 verbis
586 2086 720 2136 atque
742 2084 983 2136 cogitavit,
1006 2096 1106 2124 cum
1130 2097 1184 2124 ea
1208 2084 1376 2123 scribe-

48 2141 141 2182 ret,
176 2135 396 2188 quidquid
428 2134 502 2175 hic
566 2139 631 2176 eri
663 2140 894 2191 potuimus
918 2140 1146 2190 invenire,
1182 2144 1228 2179 et
1250 2140 1374 2193 quid-

50 2189 159 2241 quid
191 2203 274 2231 nos
308 2204 397 2230 non
421 2193 672 2244 potuimus,
709 2200 786 2235 aut
809 2195 1009 2238 nondum
1031 2208 1295 2249 possumus,
1330 2200 1376 2235 et

51 2250 203 2287 tamen
221 2247 268 2287 in
288 2247 354 2287 eis
372 2248 569 2290 inveniri
585 2254 754 2299 potest.
