<?xml version="1.0" encoding="UTF-8"?>
<!DOCTYPE html PUBLIC "-//W3C//DTD XHTML 1.0 Transitional//EN"
    "http://www.w3.org/TR/xhtml1/DTD/xhtml1-transitional.dtd">
<html xmlns="http://www.w3.org/1999/xhtml" xml:lang="en" lang="en">
 <head>
  <title>
</title>
<meta http-equiv="Content-Type" content="text/html;charset=utf-8" />
  <meta name='ocr-system' content='tesseract 3.04.00' />
  <meta name='ocr-capabilities' content='ocr_page ocr_carea ocr_par ocr_line ocrx_word'/>
</head>
<body>
  <div class='ocr_page' id='page_1' title='image "./saureliiaugustin00augu_0286.png"; bbox 0 0 1473 2443; ppageno 0'>
   <div class='ocr_carea' id='block_1_1' title="bbox 92 103 1081 151">
    <p class='ocr_par' dir='ltr' id='par_1_1' title="bbox 92 103 1081 151">
     <span class='ocr_line' id='line_1_1' title="bbox 92 103 1081 151; baseline -0.007 0"><span class='ocrx_word' id='word_1_1' title='bbox 92 110 172 151; x_wconf 81' lang='lat'>260</span> <span class='ocrx_word' id='word_1_2' title='bbox 418 104 685 146; x_wconf 88' lang='lat' dir='ltr'><strong>AURELII</strong></span> <span class='ocrx_word' id='word_1_3' title='bbox 715 103 1081 146; x_wconf 85' lang='lat' dir='ltr'>AUGUSTINI</span> 
     </span>
    </p>
   </div>
   <div class='ocr_carea' id='block_1_2' title="bbox 91 188 1418 2245">
    <p class='ocr_par' dir='ltr' id='par_1_2' title="bbox 91 188 1411 747">
     <span class='ocr_line' id='line_1_2' title="bbox 93 188 1408 246; baseline -0.005 -12"><span class='ocrx_word' id='word_1_4' title='bbox 93 196 321 246; x_wconf 83' lang='lat' dir='ltr'>scriptura</span> <span class='ocrx_word' id='word_1_5' title='bbox 357 195 436 231; x_wconf 89' lang='lat' dir='ltr'>tua</span> <span class='ocrx_word' id='word_1_6' title='bbox 473 191 729 230; x_wconf 86' lang='lat' dir='ltr'>nominaret</span> <span class='ocrx_word' id='word_1_7' title='bbox 767 188 977 243; x_wconf 78' lang='lat' dir='ltr'>Spiritum</span> <span class='ocrx_word' id='word_1_8' title='bbox 1016 190 1164 229; x_wconf 78' lang='lat' dir='ltr'>tuum?</span> <span class='ocrx_word' id='word_1_9' title='bbox 1205 189 1270 228; x_wconf 86' lang='lat' dir='ltr'>An</span> <span class='ocrx_word' id='word_1_10' title='bbox 1304 188 1408 241; x_wconf 80' lang='lat' dir='ltr'>quia</span> 
     </span>
     <span class='ocr_line' id='line_1_3' title="bbox 94 242 1405 303; baseline -0.005 -13"><span class='ocrx_word' id='word_1_11' title='bbox 94 249 339 303; x_wconf 80' lang='lat' dir='ltr'>oportebat</span> <span class='ocrx_word' id='word_1_12' title='bbox 361 259 463 287; x_wconf 88' lang='lat' dir='ltr'>eum</span> <span class='ocrx_word' id='word_1_13' title='bbox 487 246 553 286; x_wconf 89' lang='lat' dir='ltr'>sic</span> <span class='ocrx_word' id='word_1_14' title='bbox 570 245 812 296; x_wconf 89' lang='lat' dir='ltr'>insinuari,</span> <span class='ocrx_word' id='word_1_15' title='bbox 836 250 886 284; x_wconf 89' lang='lat' dir='ltr'>ut</span> <span class='ocrx_word' id='word_1_16' title='bbox 905 245 1134 285; x_wconf 84' lang='lat' dir='ltr'>diceretur</span> <span class='ocrx_word' id='word_1_17' title='bbox 1149 242 1405 299; x_wconf 73' lang='lat' dir='ltr'><strong><em>superferri,</em></strong></span> 
     </span>
     <span class='ocr_line' id='line_1_4' title="bbox 93 300 1408 356; baseline -0.005 -11"><span class='ocrx_word' id='word_1_18' title='bbox 93 312 140 346; x_wconf 89' lang='lat' dir='ltr'>et</span> <span class='ocrx_word' id='word_1_19' title='bbox 161 317 251 345; x_wconf 90' lang='lat' dir='ltr'>non</span> <span class='ocrx_word' id='word_1_20' title='bbox 275 308 434 356; x_wconf 89' lang='lat' dir='ltr'>posset</span> <span class='ocrx_word' id='word_1_21' title='bbox 457 300 544 341; x_wconf 90' lang='lat' dir='ltr'>hoc</span> <span class='ocrx_word' id='word_1_22' title='bbox 568 301 680 350; x_wconf 91' lang='lat' dir='ltr'>dici,</span> <span class='ocrx_word' id='word_1_23' title='bbox 704 301 793 340; x_wconf 90' lang='lat' dir='ltr'>nisi</span> <span class='ocrx_word' id='word_1_24' title='bbox 808 302 932 354; x_wconf 91' lang='lat' dir='ltr'>prius</span> <span class='ocrx_word' id='word_1_25' title='bbox 953 301 1067 340; x_wconf 91' lang='lat' dir='ltr'>illud</span> <span class='ocrx_word' id='word_1_26' title='bbox 1086 311 1408 341; x_wconf 83' lang='lat' dir='ltr'>commemora·</span> 
     </span>
     <span class='ocr_line' id='line_1_5' title="bbox 91 353 1411 410; baseline -0.003 -9"><span class='ocrx_word' id='word_1_27' title='bbox 91 366 237 409; x_wconf 88' lang='lat' dir='ltr'>retur,</span> <span class='ocrx_word' id='word_1_28' title='bbox 272 360 346 398; x_wconf 84' lang='lat' dir='ltr'>eui</span> <span class='ocrx_word' id='word_1_29' title='bbox 377 356 629 410; x_wconf 82' lang='lat' dir='ltr'>superferri</span> <span class='ocrx_word' id='word_1_30' title='bbox 662 356 855 409; x_wconf 82' lang='lat' dir='ltr'>Spiritus</span> <span class='ocrx_word' id='word_1_31' title='bbox 878 361 982 396; x_wconf 90' lang='lat' dir='ltr'>tuus</span> <span class='ocrx_word' id='word_1_32' title='bbox 1008 362 1167 410; x_wconf 88' lang='lat' dir='ltr'>posset</span> <span class='ocrx_word' id='word_1_33' title='bbox 1186 353 1411 408; x_wconf 51' lang='lat' dir='ltr'>intelligi}</span> 
     </span>
     <span class='ocr_line' id='line_1_6' title="bbox 92 411 1410 468; baseline -0.005 -12"><span class='ocrx_word' id='word_1_34' title='bbox 92 417 189 457; x_wconf 86' lang='lat' dir='ltr'>Nec</span> <span class='ocrx_word' id='word_1_35' title='bbox 215 416 334 468; x_wconf 88' lang='lat' dir='ltr'>patri</span> <span class='ocrx_word' id='word_1_36' title='bbox 352 416 489 462; x_wconf 90' lang='lat' dir='ltr'>enim,</span> <span class='ocrx_word' id='word_1_37' title='bbox 519 425 603 452; x_wconf 92' lang='lat' dir='ltr'>nec</span> <span class='ocrx_word' id='word_1_38' title='bbox 619 412 714 452; x_wconf 85' lang='lat' dir='ltr'>filio</span> <span class='ocrx_word' id='word_1_39' title='bbox 733 411 1123 464; x_wconf 71' lang='lat' dir='ltr'>superferebatur,</span> <span class='ocrx_word' id='word_1_40' title='bbox 1154 423 1239 451; x_wconf 90' lang='lat' dir='ltr'>nec</span> <span class='ocrx_word' id='word_1_41' title='bbox 1257 422 1410 463; x_wconf 88' lang='lat' dir='ltr'>super-</span> 
     </span>
     <span class='ocr_line' id='line_1_7' title="bbox 93 465 1409 520; baseline -0.006 -8"><span class='ocrx_word' id='word_1_42' title='bbox 93 472 206 512; x_wconf 84' lang='lat' dir='ltr'>ferri</span> <span class='ocrx_word' id='word_1_43' title='bbox 222 475 347 509; x_wconf 89' lang='lat' dir='ltr'>recte</span> <span class='ocrx_word' id='word_1_44' title='bbox 366 470 608 517; x_wconf 82' lang='lat' dir='ltr'>diceretur,</span> <span class='ocrx_word' id='word_1_45' title='bbox 624 469 663 508; x_wconf 91' lang='lat' dir='ltr'>si</span> <span class='ocrx_word' id='word_1_46' title='bbox 680 468 794 509; x_wconf 89' lang='lat' dir='ltr'>nulli</span> <span class='ocrx_word' id='word_1_47' title='bbox 809 469 878 508; x_wconf 90' lang='lat' dir='ltr'>rei</span> <span class='ocrx_word' id='word_1_48' title='bbox 895 467 1242 520; x_wconf 86' lang='lat' dir='ltr'>superferretur.</span> <span class='ocrx_word' id='word_1_49' title='bbox 1275 465 1409 506; x_wconf 88' lang='lat' dir='ltr'>Prius</span> 
     </span>
     <span class='ocr_line' id='line_1_8' title="bbox 95 521 1408 580; baseline -0.006 -12"><span class='ocrx_word' id='word_1_50' title='bbox 95 540 205 580; x_wconf 88' lang='lat' dir='ltr'>ergo</span> <span class='ocrx_word' id='word_1_51' title='bbox 226 526 466 566; x_wconf 88' lang='lat' dir='ltr'>dicendum</span> <span class='ocrx_word' id='word_1_52' title='bbox 483 529 596 574; x_wconf 83' lang='lat' dir='ltr'>erat,</span> <span class='ocrx_word' id='word_1_53' title='bbox 615 524 689 563; x_wconf 89' lang='lat' dir='ltr'>cui</span> <span class='ocrx_word' id='word_1_54' title='bbox 702 522 1049 577; x_wconf 87' lang='lat' dir='ltr'>superferretur,</span> <span class='ocrx_word' id='word_1_55' title='bbox 1070 528 1115 563; x_wconf 91' lang='lat' dir='ltr'>et</span> <span class='ocrx_word' id='word_1_56' title='bbox 1132 521 1295 562; x_wconf 87' lang='lat' dir='ltr'>deinde</span> <span class='ocrx_word' id='word_1_57' title='bbox 1312 521 1408 569; x_wconf 89' lang='lat' dir='ltr'>ille,</span> 
     </span>
     <span class='ocr_line' id='line_1_9' title="bbox 96 578 1411 637; baseline -0.006 -14"><span class='ocrx_word' id='word_1_58' title='bbox 96 595 229 637; x_wconf 90' lang='lat' dir='ltr'>quem</span> <span class='ocrx_word' id='word_1_59' title='bbox 245 594 337 621; x_wconf 88' lang='lat' dir='ltr'>non</span> <span class='ocrx_word' id='word_1_60' title='bbox 356 580 599 633; x_wconf 80' lang='lat' dir='ltr'>oportebat</span> <span class='ocrx_word' id='word_1_61' title='bbox 621 579 755 619; x_wconf 86' lang='lat' dir='ltr'>aliter</span> <span class='ocrx_word' id='word_1_62' title='bbox 777 581 1144 628; x_wconf 83' lang='lat' dir='ltr'>commemorari,</span> <span class='ocrx_word' id='word_1_63' title='bbox 1166 578 1255 617; x_wconf 89' lang='lat' dir='ltr'>nisi</span> <span class='ocrx_word' id='word_1_64' title='bbox 1273 582 1321 617; x_wconf 94' lang='lat' dir='ltr'>ut</span> <span class='ocrx_word' id='word_1_65' title='bbox 1340 589 1411 615; x_wconf 89' lang='lat' dir='ltr'>su-</span> 
     </span>
     <span class='ocr_line' id='line_1_10' title="bbox 93 634 1411 694; baseline -0.007 -15"><span class='ocrx_word' id='word_1_66' title='bbox 93 638 289 694; x_wconf 89' lang='lat' dir='ltr'>perferri</span> <span class='ocrx_word' id='word_1_67' title='bbox 301 637 544 677; x_wconf 87' lang='lat' dir='ltr'>diceretur.</span> <span class='ocrx_word' id='word_1_68' title='bbox 578 635 667 675; x_wconf 89' lang='lat' dir='ltr'>Cur</span> <span class='ocrx_word' id='word_1_69' title='bbox 685 647 795 689; x_wconf 91' lang='lat' dir='ltr'>ergo</span> <span class='ocrx_word' id='word_1_70' title='bbox 816 635 948 674; x_wconf 88' lang='lat' dir='ltr'>aliter</span> <span class='ocrx_word' id='word_1_71' title='bbox 967 646 1068 674; x_wconf 91' lang='lat' dir='ltr'>eum</span> <span class='ocrx_word' id='word_1_72' title='bbox 1086 634 1303 674; x_wconf 87' lang='lat' dir='ltr'>insinuari</span> <span class='ocrx_word' id='word_1_73' title='bbox 1322 644 1411 672; x_wconf 88' lang='lat' dir='ltr'>non</span> 
     </span>
     <span class='ocr_line' id='line_1_11' title="bbox 100 689 1069 747; baseline -0.005 -13"><span class='ocrx_word' id='word_1_74' title='bbox 100 694 356 747; x_wconf 85' lang='lat' dir='ltr'>oportebat,</span> <span class='ocrx_word' id='word_1_75' title='bbox 376 693 464 732; x_wconf 91' lang='lat' dir='ltr'>nisi</span> <span class='ocrx_word' id='word_1_76' title='bbox 481 696 531 731; x_wconf 87' lang='lat' dir='ltr'>ut</span> <span class='ocrx_word' id='word_1_77' title='bbox 548 689 799 743; x_wconf 86' lang='lat' dir='ltr'>superferri</span> <span class='ocrx_word' id='word_1_78' title='bbox 816 690 1069 730; x_wconf 59' lang='lat' dir='ltr'>diceretur‘ss</span> 
     </span>
    </p>

    <p class='ocr_par' dir='ltr' id='par_1_3' title="bbox 94 742 1418 1910">
     <span class='ocr_line' id='line_1_12' title="bbox 182 742 1411 799; baseline -0.007 -10"><span class='ocrx_word' id='word_1_79' title='bbox 182 750 228 789; x_wconf 88' lang='lat' dir='ltr'>C.</span> <span class='ocrx_word' id='word_1_80' title='bbox 252 748 349 788; x_wconf 88' lang='lat' dir='ltr'>Vll.</span> <span class='ocrx_word' id='word_1_81' title='bbox 410 748 504 787; x_wconf 88' lang='lat' dir='ltr'>Iam</span> <span class='ocrx_word' id='word_1_82' title='bbox 522 746 625 787; x_wconf 89' lang='lat' dir='ltr'>hinc</span> <span class='ocrx_word' id='word_1_83' title='bbox 644 752 879 799; x_wconf 86' lang='lat' dir='ltr'>sequatur,</span> <span class='ocrx_word' id='word_1_84' title='bbox 899 746 976 799; x_wconf 89' lang='lat' dir='ltr'>qui</span> <span class='ocrx_word' id='word_1_85' title='bbox 990 749 1144 797; x_wconf 89' lang='lat' dir='ltr'>potest</span> <span class='ocrx_word' id='word_1_86' title='bbox 1158 742 1411 790; x_wconf 79' lang='lat' dir='ltr'>intellectu,</span> 
     </span>
     <span class='ocr_line' id='line_1_13' title="bbox 96 797 1415 859; baseline -0.005 -15"><span class='ocrx_word' id='word_1_87' title='bbox 96 805 354 859; x_wconf 83' lang='lat' dir='ltr'>apostolum</span> <span class='ocrx_word' id='word_1_88' title='bbox 373 809 499 843; x_wconf 87' lang='lat' dir='ltr'>tuum</span> <span class='ocrx_word' id='word_1_89' title='bbox 516 803 757 852; x_wconf 89' lang='lat' dir='ltr'>dicentem,</span> <span class='ocrx_word' id='word_1_90' title='bbox 772 801 874 855; x_wconf 77' lang='lat' dir='ltr'>quia</span> <span class='ocrx_word' id='word_1_91' title='bbox 894 801 1056 842; x_wconf 80' lang='lat' dir='ltr'>caritas</span> <span class='ocrx_word' id='word_1_92' title='bbox 1076 806 1151 840; x_wconf 81' lang='lat' dir='ltr'>tua</span> <span class='ocrx_word' id='word_1_93' title='bbox 1170 797 1333 852; x_wconf 48' lang='lat' dir='ltr'>(Effusa</span> <span class='ocrx_word' id='word_1_94' title='bbox 1352 803 1415 837; x_wconf 82' lang='lat' dir='ltr'>est</span> 
     </span>
     <span class='ocr_line' id='line_1_14' title="bbox 95 855 1416 912; baseline -0.006 -12"><span class='ocrx_word' id='word_1_95' title='bbox 95 862 142 901; x_wconf 80' lang='lat' dir='ltr'>in</span> <span class='ocrx_word' id='word_1_96' title='bbox 161 860 361 901; x_wconf 75' lang='lat' dir='ltr'>cordibus</span> <span class='ocrx_word' id='word_1_97' title='bbox 380 858 539 899; x_wconf 74' lang='lat' dir='ltr'>nostris</span> <span class='ocrx_word' id='word_1_98' title='bbox 551 872 635 912; x_wconf 78' lang='lat' dir='ltr'>per</span> <span class='ocrx_word' id='word_1_99' title='bbox 653 857 866 911; x_wconf 78' lang='lat' dir='ltr'>Spiritum</span> <span class='ocrx_word' id='word_1_100' title='bbox 884 864 1097 906; x_wconf 79' lang='lat' dir='ltr'>sanctum,</span> <span class='ocrx_word' id='word_1_101' title='bbox 1114 855 1189 909; x_wconf 76' lang='lat' dir='ltr'>qui</span> <span class='ocrx_word' id='word_1_102' title='bbox 1208 855 1334 894; x_wconf 76' lang='lat' dir='ltr'>datus</span> <span class='ocrx_word' id='word_1_103' title='bbox 1352 859 1416 892; x_wconf 79' lang='lat' dir='ltr'>est</span> 
     </span>
     <span class='ocr_line' id='line_1_15' title="bbox 96 908 1413 967; baseline -0.005 -12"><span class='ocrx_word' id='word_1_104' title='bbox 96 916 219 957; x_wconf 73' lang='lat' dir='ltr'>nobis</span> <span class='ocrx_word' id='word_1_105' title='bbox 241 916 387 961; x_wconf 81' lang='lat' dir='ltr'>(Rom.</span> <span class='ocrx_word' id='word_1_106' title='bbox 407 915 447 964; x_wconf 88' lang='lat'>5,</span> <span class='ocrx_word' id='word_1_107' title='bbox 466 915 526 964; x_wconf 88' lang='lat'>5.)</span> <span class='ocrx_word' id='word_1_108' title='bbox 540 945 551 963; x_wconf 94' lang='lat'>,</span> <span class='ocrx_word' id='word_1_109' title='bbox 579 920 625 954; x_wconf 89' lang='lat' dir='ltr'>et</span> <span class='ocrx_word' id='word_1_110' title='bbox 642 914 696 953; x_wconf 89' lang='lat' dir='ltr'>de</span> <span class='ocrx_word' id='word_1_111' title='bbox 717 913 997 967; x_wconf 80' lang='lat' dir='ltr'>spiritalibus</span> <span class='ocrx_word' id='word_1_112' title='bbox 1017 913 1256 953; x_wconf 84' lang='lat' dir='ltr'>docentem</span> <span class='ocrx_word' id='word_1_113' title='bbox 1277 914 1321 949; x_wconf 85' lang='lat' dir='ltr'>et</span> <span class='ocrx_word' id='word_1_114' title='bbox 1339 908 1413 948; x_wconf 87' lang='lat' dir='ltr'>de·</span> 
     </span>
     <span class='ocr_line' id='line_1_16' title="bbox 94 965 1414 1022; baseline -0.005 -11"><span class='ocrx_word' id='word_1_115' title='bbox 94 976 423 1012; x_wconf 82' lang='lat' dir='ltr'>monstrantem</span> <span class='ocrx_word' id='word_1_116' title='bbox 447 970 857 1022; x_wconf 83' lang='lat' dir='ltr'>supereminentem</span> <span class='ocrx_word' id='word_1_117' title='bbox 881 970 996 1008; x_wconf 87' lang='lat' dir='ltr'>viam</span> <span class='ocrx_word' id='word_1_118' title='bbox 1020 967 1223 1008; x_wconf 86' lang='lat' dir='ltr'>caritatis</span> <span class='ocrx_word' id='word_1_119' title='bbox 1249 967 1291 1015; x_wconf 90' lang='lat' dir='ltr'>(l</span> <span class='ocrx_word' id='word_1_120' title='bbox 1311 965 1414 1005; x_wconf 87' lang='lat' dir='ltr'>Cor.</span> 
     </span>
     <span class='ocr_line' id='line_1_17' title="bbox 99 1023 1414 1078; baseline -0.005 -12"><span class='ocrx_word' id='word_1_121' title='bbox 99 1030 166 1076; x_wconf 88' lang='lat'>12,</span> <span class='ocrx_word' id='word_1_122' title='bbox 186 1027 293 1077; x_wconf 78' lang='lat'><strong>31.)‚</strong></span> <span class='ocrx_word' id='word_1_123' title='bbox 323 1032 368 1065; x_wconf 90' lang='lat' dir='ltr'>et</span> <span class='ocrx_word' id='word_1_124' title='bbox 391 1025 651 1065; x_wconf 87' lang='lat' dir='ltr'>flectentem</span> <span class='ocrx_word' id='word_1_125' title='bbox 673 1037 822 1078; x_wconf 90' lang='lat' dir='ltr'>genua</span> <span class='ocrx_word' id='word_1_126' title='bbox 841 1036 923 1077; x_wconf 90' lang='lat' dir='ltr'>pro</span> <span class='ocrx_word' id='word_1_127' title='bbox 949 1024 1081 1064; x_wconf 88' lang='lat' dir='ltr'>nobis</span> <span class='ocrx_word' id='word_1_128' title='bbox 1105 1023 1162 1062; x_wconf 91' lang='lat' dir='ltr'>ad</span> <span class='ocrx_word' id='word_1_129' title='bbox 1183 1027 1251 1072; x_wconf 86' lang='lat' dir='ltr'>te,</span> <span class='ocrx_word' id='word_1_130' title='bbox 1274 1026 1325 1061; x_wconf 88' lang='lat' dir='ltr'>ut</span> <span class='ocrx_word' id='word_1_131' title='bbox 1342 1032 1414 1060; x_wconf 86' lang='lat' dir='ltr'>co-</span> 
     </span>
     <span class='ocr_line' id='line_1_18' title="bbox 101 1075 1412 1137; baseline -0.006 -14"><span class='ocrx_word' id='word_1_132' title='bbox 101 1094 374 1137; x_wconf 86' lang='lat' dir='ltr'>gnoscamus</span> <span class='ocrx_word' id='word_1_133' title='bbox 393 1081 803 1133; x_wconf 87' lang='lat' dir='ltr'>supereminentem</span> <span class='ocrx_word' id='word_1_134' title='bbox 818 1080 1056 1119; x_wconf 89' lang='lat' dir='ltr'>scientiam</span> <span class='ocrx_word' id='word_1_135' title='bbox 1071 1078 1273 1118; x_wconf 85' lang='lat' dir='ltr'>caritatis</span> <span class='ocrx_word' id='word_1_136' title='bbox 1288 1075 1412 1116; x_wconf 82' lang='lat' dir='ltr'>Chri-</span> 
     </span>
     <span class='ocr_line' id='line_1_19' title="bbox 98 1133 1415 1189; baseline -0.005 -11"><span class='ocrx_word' id='word_1_137' title='bbox 98 1140 172 1179; x_wconf 88' lang='lat' dir='ltr'>sti.</span> <span class='ocrx_word' id='word_1_138' title='bbox 193 1136 326 1189; x_wconf 82' lang='lat' dir='ltr'>(Eph.</span> <span class='ocrx_word' id='word_1_139' title='bbox 346 1137 385 1185; x_wconf 83' lang='lat'>3,</span> <span class='ocrx_word' id='word_1_140' title='bbox 407 1137 472 1176; x_wconf 87' lang='lat'>14.</span> <span class='ocrx_word' id='word_1_141' title='bbox 494 1134 579 1186; x_wconf 83' lang='lat'>19.)</span> <span class='ocrx_word' id='word_1_142' title='bbox 631 1135 830 1188; x_wconf 91' lang='lat' dir='ltr'>Ideoque</span> <span class='ocrx_word' id='word_1_143' title='bbox 849 1135 904 1174; x_wconf 88' lang='lat' dir='ltr'>ab</span> <span class='ocrx_word' id='word_1_144' title='bbox 922 1135 1054 1174; x_wconf 87' lang='lat' dir='ltr'>initio</span> <span class='ocrx_word' id='word_1_145' title='bbox 1075 1133 1415 1187; x_wconf 88' lang='lat' dir='ltr'>supereminens</span> 
     </span>
     <span class='ocr_line' id='line_1_20' title="bbox 98 1187 1412 1247; baseline -0.006 -13"><span class='ocrx_word' id='word_1_146' title='bbox 98 1192 459 1247; x_wconf 68' lang='lat' dir='ltr'>superferebatur</span> <span class='ocrx_word' id='word_1_147' title='bbox 476 1204 604 1245; x_wconf 76' lang='lat' dir='ltr'>super</span> <span class='ocrx_word' id='word_1_148' title='bbox 628 1203 779 1244; x_wconf 74' lang='lat' dir='ltr'>aquas.</span> <span class='ocrx_word' id='word_1_149' title='bbox 842 1190 924 1230; x_wconf 89' lang='lat' dir='ltr'>Cui</span> <span class='ocrx_word' id='word_1_150' title='bbox 948 1189 1123 1231; x_wconf 65' lang='lat' dir='ltr'>dicamit</span> <span class='ocrx_word' id='word_1_151' title='bbox 1155 1189 1254 1237; x_wconf 72' lang='lat' dir='ltr'>Quo</span> <span class='ocrx_word' id='word_1_152' title='bbox 1276 1187 1412 1227; x_wconf 89' lang='lat' dir='ltr'>modo</span> 
     </span>
     <span class='ocr_line' id='line_1_21' title="bbox 100 1244 1415 1301; baseline -0.005 -12"><span class='ocrx_word' id='word_1_153' title='bbox 100 1251 250 1290; x_wconf 87' lang='lat' dir='ltr'>dicam</span> <span class='ocrx_word' id='word_1_154' title='bbox 273 1249 327 1288; x_wconf 93' lang='lat' dir='ltr'>de</span> <span class='ocrx_word' id='word_1_155' title='bbox 351 1247 553 1301; x_wconf 87' lang='lat' dir='ltr'>pondere</span> <span class='ocrx_word' id='word_1_156' title='bbox 577 1246 839 1300; x_wconf 85' lang='lat' dir='ltr'>cupiditatis</span> <span class='ocrx_word' id='word_1_157' title='bbox 862 1247 909 1286; x_wconf 87' lang='lat' dir='ltr'>in</span> <span class='ocrx_word' id='word_1_158' title='bbox 932 1247 1167 1299; x_wconf 80' lang='lat' dir='ltr'>abruptam</span> <span class='ocrx_word' id='word_1_159' title='bbox 1185 1244 1415 1296; x_wconf 86' lang='lat' dir='ltr'>abyssum,</span> 
     </span>
     <span class='ocr_line' id='line_1_22' title="bbox 101 1298 1416 1354; baseline -0.008 -8"><span class='ocrx_word' id='word_1_160' title='bbox 101 1312 148 1346; x_wconf 89' lang='lat' dir='ltr'>et</span> <span class='ocrx_word' id='word_1_161' title='bbox 171 1305 226 1345; x_wconf 86' lang='lat' dir='ltr'>de</span> <span class='ocrx_word' id='word_1_162' title='bbox 252 1304 566 1344; x_wconf 88' lang='lat' dir='ltr'>sublevatione</span> <span class='ocrx_word' id='word_1_163' title='bbox 591 1302 795 1342; x_wconf 88' lang='lat' dir='ltr'>caritatis</span> <span class='ocrx_word' id='word_1_164' title='bbox 817 1314 897 1354; x_wconf 90' lang='lat' dir='ltr'>per</span> <span class='ocrx_word' id='word_1_165' title='bbox 921 1301 1137 1354; x_wconf 85' lang='lat' dir='ltr'>Spiritum</span> <span class='ocrx_word' id='word_1_166' title='bbox 1160 1304 1306 1348; x_wconf 87' lang='lat' dir='ltr'>tuum,</span> <span class='ocrx_word' id='word_1_167' title='bbox 1340 1298 1416 1351; x_wconf 92' lang='lat' dir='ltr'>qui</span> 
     </span>
     <span class='ocr_line' id='line_1_23' title="bbox 99 1353 1414 1415; baseline -0.006 -14"><span class='ocrx_word' id='word_1_168' title='bbox 99 1359 473 1415; x_wconf 89' lang='lat' dir='ltr'>superferebatur</span> <span class='ocrx_word' id='word_1_169' title='bbox 499 1370 635 1411; x_wconf 83' lang='lat' dir='ltr'>super</span> <span class='ocrx_word' id='word_1_170' title='bbox 653 1358 818 1411; x_wconf 65' lang='lat' dir='ltr'>aquas‘.l</span> <span class='ocrx_word' id='word_1_171' title='bbox 850 1358 930 1397; x_wconf 86' lang='lat' dir='ltr'>Cui</span> <span class='ocrx_word' id='word_1_172' title='bbox 950 1356 1122 1397; x_wconf 54' lang='lat' dir='ltr'>dicam}</span> <span class='ocrx_word' id='word_1_173' title='bbox 1155 1356 1254 1404; x_wconf 76' lang='lat' dir='ltr'>Quo</span> <span class='ocrx_word' id='word_1_174' title='bbox 1277 1353 1414 1395; x_wconf 89' lang='lat' dir='ltr'>modo</span> 
     </span>
     <span class='ocr_line' id='line_1_24' title="bbox 100 1409 1418 1469; baseline -0.005 -12"><span class='ocrx_word' id='word_1_175' title='bbox 100 1416 273 1458; x_wconf 63' lang='lat' dir='ltr'>dicans}</span> <span class='ocrx_word' id='word_1_176' title='bbox 306 1414 605 1469; x_wconf 85' lang='lat' dir='ltr'>[Mergimur,</span> <span class='ocrx_word' id='word_1_177' title='bbox 625 1419 671 1453; x_wconf 90' lang='lat' dir='ltr'>et</span> <span class='ocrx_word' id='word_1_178' title='bbox 689 1411 1005 1467; x_wconf 58' lang='lat' dir='ltr'>emergimus&#39;ss]</span> <span class='ocrx_word' id='word_1_179' title='bbox 1039 1412 1196 1465; x_wconf 91' lang='lat' dir='ltr'>Neque</span> <span class='ocrx_word' id='word_1_180' title='bbox 1216 1410 1334 1451; x_wconf 89' lang='lat' dir='ltr'>enim</span> <span class='ocrx_word' id='word_1_181' title='bbox 1351 1409 1418 1449; x_wconf 88' lang='lat' dir='ltr'>lo-</span> 
     </span>
     <span class='ocr_line' id='line_1_25' title="bbox 101 1465 1416 1524; baseline -0.006 -12"><span class='ocrx_word' id='word_1_182' title='bbox 101 1486 155 1513; x_wconf 91' lang='lat' dir='ltr'>ca</span> <span class='ocrx_word' id='word_1_183' title='bbox 177 1477 301 1521; x_wconf 88' lang='lat' dir='ltr'>sunt,</span> <span class='ocrx_word' id='word_1_184' title='bbox 329 1471 491 1524; x_wconf 91' lang='lat' dir='ltr'>quibus</span> <span class='ocrx_word' id='word_1_185' title='bbox 515 1470 782 1522; x_wconf 84' lang='lat' dir='ltr'>mergimur,</span> <span class='ocrx_word' id='word_1_186' title='bbox 809 1475 855 1509; x_wconf 88' lang='lat' dir='ltr'>et</span> <span class='ocrx_word' id='word_1_187' title='bbox 873 1469 1160 1521; x_wconf 82' lang='lat' dir='ltr'>emergimus.</span> <span class='ocrx_word' id='word_1_188' title='bbox 1221 1465 1341 1515; x_wconf 75' lang='lat' dir='ltr'>Quid</span> <span class='ocrx_word' id='word_1_189' title='bbox 1358 1465 1416 1504; x_wconf 77' lang='lat' dir='ltr'>si-</span> 
     </span>
     <span class='ocr_line' id='line_1_26' title="bbox 97 1524 1415 1579; baseline -0.008 -10"><span class='ocrx_word' id='word_1_190' title='bbox 97 1529 272 1577; x_wconf 87' lang='lat' dir='ltr'>milius,</span> <span class='ocrx_word' id='word_1_191' title='bbox 308 1533 354 1566; x_wconf 88' lang='lat' dir='ltr'>et</span> <span class='ocrx_word' id='word_1_192' title='bbox 387 1527 494 1579; x_wconf 91' lang='lat' dir='ltr'>quid</span> <span class='ocrx_word' id='word_1_193' title='bbox 516 1524 810 1566; x_wconf 54' lang='lat' dir='ltr'>dissimiliusss</span> <span class='ocrx_word' id='word_1_194' title='bbox 841 1524 1058 1564; x_wconf 86' lang='lat' dir='ltr'>Adfectus</span> <span class='ocrx_word' id='word_1_195' title='bbox 1082 1527 1204 1572; x_wconf 90' lang='lat' dir='ltr'>sunt,</span> <span class='ocrx_word' id='word_1_196' title='bbox 1237 1532 1415 1561; x_wconf 86' lang='lat' dir='ltr'>amores</span> 
     </span>
     <span class='ocr_line' id='line_1_27' title="bbox 101 1576 1415 1635; baseline -0.006 -12"><span class='ocrx_word' id='word_1_197' title='bbox 101 1590 226 1632; x_wconf 88' lang='lat' dir='ltr'>sunt,</span> <span class='ocrx_word' id='word_1_198' title='bbox 267 1582 554 1623; x_wconf 88' lang='lat' dir='ltr'>immunditia</span> <span class='ocrx_word' id='word_1_199' title='bbox 590 1581 775 1635; x_wconf 88' lang='lat' dir='ltr'>spiritus</span> <span class='ocrx_word' id='word_1_200' title='bbox 810 1581 957 1620; x_wconf 88' lang='lat' dir='ltr'>nostri</span> <span class='ocrx_word' id='word_1_201' title='bbox 989 1578 1192 1619; x_wconf 89' lang='lat' dir='ltr'>defluens</span> <span class='ocrx_word' id='word_1_202' title='bbox 1224 1576 1415 1617; x_wconf 91' lang='lat' dir='ltr'>inferius</span> 
     </span>
     <span class='ocr_line' id='line_1_28' title="bbox 100 1634 1416 1686; baseline -0.006 -8"><span class='ocrx_word' id='word_1_203' title='bbox 100 1650 256 1679; x_wconf 87' lang='lat' dir='ltr'>amore</span> <span class='ocrx_word' id='word_1_204' title='bbox 284 1650 512 1686; x_wconf 84' lang='lat' dir='ltr'>curarum,</span> <span class='ocrx_word' id='word_1_205' title='bbox 539 1642 584 1676; x_wconf 92' lang='lat' dir='ltr'>et</span> <span class='ocrx_word' id='word_1_206' title='bbox 606 1636 823 1676; x_wconf 86' lang='lat' dir='ltr'>sanctitas</span> <span class='ocrx_word' id='word_1_207' title='bbox 848 1636 915 1675; x_wconf 89' lang='lat' dir='ltr'>tui</span> <span class='ocrx_word' id='word_1_208' title='bbox 939 1634 1165 1674; x_wconf 91' lang='lat' dir='ltr'>adtollens</span> <span class='ocrx_word' id='word_1_209' title='bbox 1184 1644 1266 1672; x_wconf 91' lang='lat' dir='ltr'>nos</span> <span class='ocrx_word' id='word_1_210' title='bbox 1286 1642 1416 1683; x_wconf 85' lang='lat' dir='ltr'>supe·</span> 
     </span>
     <span class='ocr_line' id='line_1_29' title="bbox 99 1685 1417 1740; baseline -0.006 -7"><span class='ocrx_word' id='word_1_211' title='bbox 99 1696 195 1734; x_wconf 87' lang='lat' dir='ltr'>rius</span> <span class='ocrx_word' id='word_1_212' title='bbox 219 1706 372 1733; x_wconf 90' lang='lat' dir='ltr'>amore</span> <span class='ocrx_word' id='word_1_213' title='bbox 398 1693 680 1740; x_wconf 79' lang='lat' dir='ltr'>securitatis,</span> <span class='ocrx_word' id='word_1_214' title='bbox 714 1696 763 1730; x_wconf 92' lang='lat' dir='ltr'>ut</span> <span class='ocrx_word' id='word_1_215' title='bbox 785 1703 962 1731; x_wconf 89' lang='lat' dir='ltr'>sursum</span> <span class='ocrx_word' id='word_1_216' title='bbox 987 1702 1066 1730; x_wconf 90' lang='lat' dir='ltr'>cor</span> <span class='ocrx_word' id='word_1_217' title='bbox 1089 1688 1334 1728; x_wconf 84' lang='lat' dir='ltr'>habeamus</span> <span class='ocrx_word' id='word_1_218' title='bbox 1359 1685 1417 1726; x_wconf 88' lang='lat' dir='ltr'>ad</span> 
     </span>
     <span class='ocr_line' id='line_1_30' title="bbox 98 1745 1416 1800; baseline -0.006 -11"><span class='ocrx_word' id='word_1_219' title='bbox 98 1758 165 1798; x_wconf 86' lang='lat' dir='ltr'>te,</span> <span class='ocrx_word' id='word_1_220' title='bbox 188 1749 265 1788; x_wconf 91' lang='lat' dir='ltr'>ubi</span> <span class='ocrx_word' id='word_1_221' title='bbox 290 1749 484 1800; x_wconf 80' lang='lat' dir='ltr'>Spiritus</span> <span class='ocrx_word' id='word_1_222' title='bbox 507 1753 610 1787; x_wconf 89' lang='lat' dir='ltr'>tuus</span> <span class='ocrx_word' id='word_1_223' title='bbox 635 1745 917 1799; x_wconf 88' lang='lat' dir='ltr'>superfertur</span> <span class='ocrx_word' id='word_1_224' title='bbox 941 1757 1076 1797; x_wconf 87' lang='lat' dir='ltr'>super</span> <span class='ocrx_word' id='word_1_225' title='bbox 1093 1756 1253 1798; x_wconf 86' lang='lat' dir='ltr'>aquas,</span> <span class='ocrx_word' id='word_1_226' title='bbox 1280 1748 1326 1782; x_wconf 87' lang='lat' dir='ltr'>et</span> <span class='ocrx_word' id='word_1_227' title='bbox 1342 1753 1416 1781; x_wconf 85' lang='lat' dir='ltr'>ve-</span> 
     </span>
     <span class='ocr_line' id='line_1_31' title="bbox 98 1801 1415 1856; baseline -0.005 -12"><span class='ocrx_word' id='word_1_228' title='bbox 98 1806 276 1844; x_wconf 83' lang='lat' dir='ltr'>niamus</span> <span class='ocrx_word' id='word_1_229' title='bbox 301 1803 357 1843; x_wconf 87' lang='lat' dir='ltr'>ad</span> <span class='ocrx_word' id='word_1_230' title='bbox 381 1803 788 1856; x_wconf 86' lang='lat' dir='ltr'>supereminentem</span> <span class='ocrx_word' id='word_1_231' title='bbox 814 1801 1037 1854; x_wconf 89' lang='lat' dir='ltr'>requiem,</span> <span class='ocrx_word' id='word_1_232' title='bbox 1067 1812 1164 1839; x_wconf 90' lang='lat' dir='ltr'>cum</span> <span class='ocrx_word' id='word_1_233' title='bbox 1189 1803 1415 1851; x_wconf 87' lang='lat' dir='ltr'>pertrans-</span> 
     </span>
     <span class='ocr_line' id='line_1_32' title="bbox 101 1854 1376 1910; baseline -0.005 -11"><span class='ocrx_word' id='word_1_234' title='bbox 101 1861 210 1899; x_wconf 88' lang='lat' dir='ltr'>ierit</span> <span class='ocrx_word' id='word_1_235' title='bbox 228 1860 375 1899; x_wconf 89' lang='lat' dir='ltr'>anima</span> <span class='ocrx_word' id='word_1_236' title='bbox 392 1864 549 1897; x_wconf 86' lang='lat' dir='ltr'>nostra</span> <span class='ocrx_word' id='word_1_237' title='bbox 566 1870 721 1910; x_wconf 85' lang='lat' dir='ltr'>aquas,</span> <span class='ocrx_word' id='word_1_238' title='bbox 740 1869 853 1910; x_wconf 91' lang='lat' dir='ltr'>quae</span> <span class='ocrx_word' id='word_1_239' title='bbox 871 1861 976 1896; x_wconf 86' lang='lat' dir='ltr'>sunt</span> <span class='ocrx_word' id='word_1_240' title='bbox 993 1857 1090 1896; x_wconf 88' lang='lat' dir='ltr'>sine</span> <span class='ocrx_word' id='word_1_241' title='bbox 1109 1854 1376 1895; x_wconf 88' lang='lat' dir='ltr'>substantia.</span> 
     </span>
    </p>

    <p class='ocr_par' dir='ltr' id='par_1_4' title="bbox 100 1908 1417 2245">
     <span class='ocr_line' id='line_1_33' title="bbox 187 1908 1415 1964; baseline -0.006 -10"><span class='ocrx_word' id='word_1_242' title='bbox 187 1916 233 1954; x_wconf 87' lang='lat' dir='ltr'>C.</span> <span class='ocrx_word' id='word_1_243' title='bbox 258 1914 375 1954; x_wconf 87' lang='lat' dir='ltr'>Vlll.</span> <span class='ocrx_word' id='word_1_244' title='bbox 435 1913 637 1953; x_wconf 82' lang='lat' dir='ltr'>Defluxit</span> <span class='ocrx_word' id='word_1_245' title='bbox 661 1913 871 1964; x_wconf 87' lang='lat' dir='ltr'>angelus,</span> <span class='ocrx_word' id='word_1_246' title='bbox 900 1911 1092 1951; x_wconf 81' lang='lat' dir='ltr'>defluxit</span> <span class='ocrx_word' id='word_1_247' title='bbox 1110 1912 1258 1950; x_wconf 85' lang='lat' dir='ltr'>anima</span> <span class='ocrx_word' id='word_1_248' title='bbox 1274 1908 1415 1948; x_wconf 87' lang='lat' dir='ltr'>homi-</span> 
     </span>
     <span class='ocr_line' id='line_1_34' title="bbox 100 1963 1415 2020; baseline -0.006 -9"><span class='ocrx_word' id='word_1_249' title='bbox 100 1974 192 2020; x_wconf 86' lang='lat' dir='ltr'>nis,</span> <span class='ocrx_word' id='word_1_250' title='bbox 238 1976 283 2010; x_wconf 90' lang='lat' dir='ltr'>et</span> <span class='ocrx_word' id='word_1_251' title='bbox 326 1969 640 2008; x_wconf 72' lang='lat' dir='ltr'>indicaverunt</span> <span class='ocrx_word' id='word_1_252' title='bbox 677 1968 891 2020; x_wconf 85' lang='lat' dir='ltr'>abyssum</span> <span class='ocrx_word' id='word_1_253' title='bbox 922 1968 1163 2007; x_wconf 82' lang='lat' dir='ltr'>universae</span> <span class='ocrx_word' id='word_1_254' title='bbox 1197 1963 1415 2017; x_wconf 87' lang='lat' dir='ltr'>spiritalis</span> 
     </span>
     <span class='ocr_line' id='line_1_35' title="bbox 104 2018 1415 2076; baseline -0.007 -10"><span class='ocrx_word' id='word_1_255' title='bbox 104 2032 340 2066; x_wconf 81' lang='lat' dir='ltr'>creaturae</span> <span class='ocrx_word' id='word_1_256' title='bbox 373 2027 419 2064; x_wconf 87' lang='lat' dir='ltr'>in</span> <span class='ocrx_word' id='word_1_257' title='bbox 451 2023 677 2076; x_wconf 86' lang='lat' dir='ltr'>profundo</span> <span class='ocrx_word' id='word_1_258' title='bbox 712 2023 980 2063; x_wconf 85' lang='lat' dir='ltr'>tenebroso:</span> <span class='ocrx_word' id='word_1_259' title='bbox 1011 2023 1101 2062; x_wconf 88' lang='lat' dir='ltr'>nisi</span> <span class='ocrx_word' id='word_1_260' title='bbox 1133 2021 1327 2061; x_wconf 83' lang='lat' dir='ltr'>dixisses</span> <span class='ocrx_word' id='word_1_261' title='bbox 1360 2018 1415 2057; x_wconf 92' lang='lat' dir='ltr'>ab</span> 
     </span>
     <span class='ocr_line' id='line_1_36' title="bbox 102 2074 1417 2132; baseline -0.007 -11"><span class='ocrx_word' id='word_1_262' title='bbox 102 2084 253 2122; x_wconf 86' lang='lat' dir='ltr'>initio:</span> <span class='ocrx_word' id='word_1_263' title='bbox 284 2080 366 2132; x_wconf 78' lang='lat' dir='ltr'>fiat</span> <span class='ocrx_word' id='word_1_264' title='bbox 382 2081 477 2128; x_wconf 72' lang='lat' dir='ltr'>lux,</span> <span class='ocrx_word' id='word_1_265' title='bbox 515 2084 559 2118; x_wconf 90' lang='lat' dir='ltr'>et</span> <span class='ocrx_word' id='word_1_266' title='bbox 577 2077 699 2118; x_wconf 84' lang='lat' dir='ltr'>facta</span> <span class='ocrx_word' id='word_1_267' title='bbox 722 2083 844 2118; x_wconf 88' lang='lat' dir='ltr'>esset</span> <span class='ocrx_word' id='word_1_268' title='bbox 869 2079 967 2127; x_wconf 83' lang='lat' dir='ltr'>lux,</span> <span class='ocrx_word' id='word_1_269' title='bbox 989 2083 1034 2118; x_wconf 89' lang='lat' dir='ltr'>et</span> <span class='ocrx_word' id='word_1_270' title='bbox 1050 2076 1310 2117; x_wconf 88' lang='lat' dir='ltr'>inhaereret</span> <span class='ocrx_word' id='word_1_271' title='bbox 1331 2074 1417 2114; x_wconf 87' lang='lat' dir='ltr'>tibi</span> 
     </span>
     <span class='ocr_line' id='line_1_37' title="bbox 103 2132 1414 2188; baseline -0.005 -12"><span class='ocrx_word' id='word_1_272' title='bbox 103 2141 247 2178; x_wconf 84' lang='lat' dir='ltr'>omnis</span> <span class='ocrx_word' id='word_1_273' title='bbox 273 2139 488 2180; x_wconf 74' lang='lat' dir='ltr'>obediens</span> <span class='ocrx_word' id='word_1_274' title='bbox 517 2134 823 2188; x_wconf 81' lang='lat' dir='ltr'>intelligentia</span> <span class='ocrx_word' id='word_1_275' title='bbox 846 2135 1061 2174; x_wconf 89' lang='lat' dir='ltr'>coelestis</span> <span class='ocrx_word' id='word_1_276' title='bbox 1080 2132 1277 2172; x_wconf 88' lang='lat' dir='ltr'>civitatis</span> <span class='ocrx_word' id='word_1_277' title='bbox 1293 2135 1414 2179; x_wconf 88' lang='lat' dir='ltr'>tuae,</span> 
     </span>
     <span class='ocr_line' id='line_1_38' title="bbox 104 2187 1414 2245; baseline -0.004 -14"><span class='ocrx_word' id='word_1_278' title='bbox 104 2203 149 2232; x_wconf 73' lang='lat' dir='ltr'>et</span> <span class='ocrx_word' id='word_1_279' title='bbox 165 2195 476 2245; x_wconf 74' lang='lat' dir='ltr'>requiesceret</span> <span class='ocrx_word' id='word_1_280' title='bbox 492 2191 535 2231; x_wconf 89' lang='lat' dir='ltr'>in</span> <span class='ocrx_word' id='word_1_281' title='bbox 555 2190 725 2243; x_wconf 84' lang='lat' dir='ltr'>Spiritu</span> <span class='ocrx_word' id='word_1_282' title='bbox 741 2195 836 2240; x_wconf 86' lang='lat' dir='ltr'>tuo,</span> <span class='ocrx_word' id='word_1_283' title='bbox 856 2191 930 2243; x_wconf 90' lang='lat' dir='ltr'>qui</span> <span class='ocrx_word' id='word_1_284' title='bbox 949 2188 1231 2243; x_wconf 81' lang='lat' dir='ltr'>superfertur</span> <span class='ocrx_word' id='word_1_285' title='bbox 1246 2187 1414 2227; x_wconf 85' lang='lat' dir='ltr'>incom-</span> 
     </span>
    </p>
   </div>
  </div>
 </body>
</html>
