1514 2438
237 122 780 166 CONFESSIONUH
808 122 1017 163 LIBER
1046 122 1137 163 HI.
1297 120 1349 159 43

24 214 195 253 dictum
210 217 298 252 est:
330 210 408 250 ubi
426 209 521 259 ille,
540 209 606 249 ibi
622 215 667 249 et
685 213 754 259 tu,
788 208 892 248 sed:
923 207 1002 250 ubi
1018 212 1082 256 tu,
1103 207 1168 247 ibi
1187 211 1232 247 et
1246 206 1351 245 illei

24 269 259 309 Confiteor
277 267 382 315 tibi,
404 265 600 305 Domine
613 295 623 315 ,
641 265 1013 304 recordationem
1033 276 1195 313 meam,
1215 274 1352 315 quan-

23 332 117 366 tum
143 323 324 372 recolo,
355 322 477 375 quod
503 333 640 374 saepe
665 333 756 360 non
773 321 918 370 tacui,
946 320 1138 372 amplius
1164 331 1235 359 me
1261 319 1351 357 isto

22 394 106 435 per
122 385 313 420 matrem
330 378 598 431 vigilantem
616 389 840 429 responso
862 382 940 417 tuo
956 407 966 427 ,
997 376 1119 429 quod
1136 381 1229 415 tam
1245 374 1355 414 vici-

24 451 83 478 na
104 435 498 489 interpretationis
522 433 728 474 falsitate
747 432 933 472 turbata
960 445 1050 472 non
1076 437 1166 481 est,
1193 436 1239 471 et
1264 436 1357 470 tam

27 495 119 534 cito
141 492 271 541 vidit,
301 491 423 545 quod
440 490 683 530 ridendum
702 488 811 539 fuit,
840 489 962 541 quod
982 501 1067 541 ego
1089 492 1213 528 certe
1233 492 1357 526 ante-

28 562 162 603 quam
195 548 390 588 dixisset
420 559 512 586 non
537 546 763 595 videram,
799 546 936 585 etiam
960 550 1055 583 tum
1082 547 1361 583 commotum

26 606 188 655 fuisse,
208 616 340 658 quam
358 604 459 656 ipso
476 603 672 651 somnio,
694 613 782 655 quo
802 600 1001 640 feminae
1019 601 1122 652 piae
1143 598 1361 652 gaudium

27 667 156 702 tanto
182 665 290 714 post
306 658 508 699 futurum
523 690 533 709 ,
561 659 617 698 ad
637 657 1004 698 consolationem
1022 662 1129 695 tunc
1146 666 1361 708 praesen-

27 719 88 758 tis
115 716 442 757 sollicitudinis
471 720 599 755 tanto
637 719 741 754 ante
783 713 1068 766 praedictum
1103 717 1186 751 est.
1246 709 1363 751 Nam

28 786 195 815 novem
212 772 356 812 ferme
373 772 480 811 anni
498 771 645 811 secuti
664 775 782 820 sunt,
797 769 959 823 quibus
980 781 1066 822 ego
1086 768 1131 807 in
1149 767 1231 807 illo
1251 767 1361 806 limo

28 828 248 885 profundi
282 841 335 868 ac
367 827 571 868 tenebris
607 825 847 876 falsitatis,
883 838 983 865 cum
1010 836 1147 877 saepe
1174 833 1363 876 surgere

31 897 245 934 conarer,
281 889 327 924 et
345 884 530 938 gravius
561 883 811 933 adliderer‚
847 881 1080 921 volutatus
1109 893 1228 920 sum:
1264 891 1364 918 cum

30 947 184 982 tamen
216 940 299 981 illa
322 940 460 982 vidua
479 945 626 989 casta,
658 939 736 992 pia
761 944 807 978 et
829 937 1004 986 sobria,
1040 936 1198 990 quales
1224 947 1364 982 amas,

30 999 122 1038 iam
148 997 331 1051 quidem
351 1009 429 1050 spe
450 996 672 1045 alacrior,
700 994 783 1035 sed
799 993 912 1034 fletu
931 998 976 1033 et
995 993 1170 1047 gemitu
1187 1004 1279 1031 non
1298 1002 1366 1030 se-

33 1055 188 1108 gnior,
215 1065 308 1093 non
334 1052 572 1093 desineret
598 1050 723 1092 horis
752 1049 961 1091 omnibus
991 1050 1249 1089 orationum
1268 1058 1368 1087 sua-

31 1123 131 1150 rum
149 1109 204 1149 de
224 1121 295 1148 me
314 1109 532 1163 plangere
562 1108 620 1148 ad
648 1114 710 1148 te.
757 1107 818 1147 Et
841 1106 1075 1146 intrabant
1097 1106 1143 1144 in
1178 1115 1367 1156 conspe-

34 1172 154 1206 ctum
179 1171 303 1205 tuum
329 1178 489 1218 preces
521 1166 640 1214 eius,
669 1169 714 1204 et
730 1176 802 1204 me
823 1170 978 1204 tamen
1002 1161 1267 1202 dimittebas
1293 1159 1368 1199 ad-

34 1222 122 1262 huc
150 1222 269 1262 volvi
300 1228 345 1262 et
369 1222 543 1262 involvi
567 1221 650 1261 illa
679 1220 894 1274 caligine.

120 1280 167 1319 C.
194 1278 291 1318 XII.
352 1279 411 1318 Et
444 1278 614 1318 dedisti
647 1278 841 1317 alterum
873 1287 1146 1328 responsum
1168 1272 1368 1321 interim,

38 1336 162 1388 quod
182 1336 356 1375 recolo.
389 1333 504 1374 Nam
526 1340 572 1374 et
588 1334 731 1374 multa
749 1338 990 1386 praetereo
1005 1362 1015 1382 ,
1039 1335 1230 1384 propter
1248 1328 1369 1381 quod

34 1403 233 1445 propero
260 1392 318 1431 ad
344 1403 399 1431 ea
425 1403 541 1443 quae
565 1403 636 1430 me
663 1390 811 1443 magis
835 1393 1002 1442 urgent
1028 1385 1241 1427 confiteri
1269 1384 1368 1433 tibi,

38 1454 84 1488 et
109 1447 252 1487 multa
277 1459 369 1487 non
394 1446 594 1486 memini.
655 1445 838 1485 Dedisti
859 1456 968 1498 ergo
989 1443 1183 1483 alterum
1201 1452 1283 1494 per
1301 1452 1369 1480 sa-

39 1504 272 1544 cerdotem
303 1508 431 1543 tuum
459 1501 699 1556 quemdam
738 1502 1026 1553 episcopum,
1063 1498 1286 1539 nutritum
1324 1496 1371 1535 in

39 1560 260 1608 ecclesia,
297 1566 343 1599 et
369 1559 671 1599 exercitatum
696 1558 743 1597 in
767 1557 898 1597 libris
924 1556 1031 1596 tuis.
1095 1554 1240 1603 Quem
1270 1565 1371 1593 cum

38 1617 120 1656 illa
142 1615 317 1656 femina
338 1620 576 1669 rogasset,
601 1619 652 1654 ut
669 1614 937 1667 dignaretur
953 1624 1131 1652 mecum
1150 1609 1369 1663 colloqui,

38 1678 84 1713 et
107 1671 325 1713 refellere
351 1684 532 1711 errores
557 1683 703 1720 meos,
721 1675 767 1710 et
794 1669 1022 1709 dedocere
1047 1680 1119 1708 me
1146 1666 1290 1716 mala,
1318 1678 1370 1704 ac

39 1729 206 1770 docere
235 1728 359 1768 bona
387 1727 606 1780 (faciebat
633 1727 753 1767 enim
778 1725 889 1776 hoc,
925 1726 963 1765 si
986 1737 1100 1778 quos
1126 1723 1246 1763 forte
1272 1722 1369 1761 ido-

37 1797 151 1825 neos
175 1785 472 1834 invenisset),
499 1784 649 1824 noluit
673 1783 776 1833 ille,
802 1781 1052 1837 prudenter
1069 1792 1202 1830 sane,
1233 1791 1370 1832 quan-

38 1847 133 1881 tum
159 1841 284 1881 sensi
308 1846 490 1894 postea.
550 1839 809 1892 Respondit
832 1839 974 1888 enim,
1000 1849 1071 1877 me
1101 1835 1248 1876 adhuc
1268 1846 1368 1875 esse

38 1897 309 1947 indocilem,
337 1909 391 1936 eo
419 1896 542 1950 quod
565 1895 750 1936 inflatus
771 1907 919 1936 essem
938 1894 1143 1934 novitate
1163 1891 1369 1931 haeresis

38 1953 188 2003 illius,
216 1957 262 1992 et
284 1953 518 1992 nonnullis
546 1951 909 2006 quaestiunculis
933 1951 1025 1991 iam
1041 1949 1212 1989 multos
1230 1948 1370 1999 impe-

36 2010 151 2050 ritos
172 2009 499 2062 exagitassem,
525 2009 644 2049 sicut
656 2008 738 2049 illa
754 2008 1038 2049 indicaverat
1056 2006 1112 2046 ei.
1148 2004 1240 2046 Sed
1257 2004 1370 2051 sine,

38 2066 207 2119 inquit,
237 2065 368 2105 illum
390 2065 477 2115 ibi,
510 2070 556 2105 et
580 2070 755 2105 tantum
777 2077 894 2118 roga
916 2076 998 2118 pro
1027 2075 1081 2103 eo
1101 2061 1371 2107 Dominum3

38 2122 138 2175 ipse
171 2121 369 2175 legendo
397 2121 618 2174 reperiet,
650 2122 750 2174 quis
772 2121 853 2161 ille
878 2121 939 2160 sit
967 2132 1115 2169 error,
1144 2123 1190 2159 et
1208 2120 1376 2169 quanta

42 2178 266 2229 impietas.
299 2176 444 2217 Simul
461 2178 598 2217 etiam
615 2179 889 2227 narravit,se
906 2188 1086 2232 quoque
1099 2175 1334 2229 parvulum
1350 2184 1376 2209 a

43 2234 233 2273 seducta
248 2239 391 2272 matre
410 2246 493 2278 sua
512 2233 664 2273 datum
674 2234 1134 2282 fuisseManichaeis,
1155 2237 1201 2271 et
1219 2239 1374 2270 omnes
