1514 2438
481 112 977 156 ARGUMENTUM.
1299 123 1385 152 xxx

63 199 107 235 C.
125 202 180 234 25.
228 197 389 233 Fructus
416 202 538 232 terrae
560 199 612 243 (v.
631 198 706 244 29.)
743 198 788 232 de
813 195 1092 232 misericordiae
1117 195 1296 240 operibus
1319 206 1386 228 ex-

185 247 286 280 licat.

65 293 108 327 C.
127 259 184 326 23).
232 292 278 325 In
309 291 502 325 beneficiis
527 291 764 325 conferendis
788 302 863 324 non
886 291 983 325 ratio
1009 291 1087 324 dati
1110 288 1288 329 habetur,
1320 289 1386 322 sed

146 338 305 384 fructus
322 339 347 371 i.
359 349 390 371 e.
408 339 526 372 bonae
544 341 583 371 et
597 341 722 371 rectae
742 338 883 371 datoris
897 336 1115 371 voluntatis.

65 386 107 421 C.
126 388 183 419 27.
231 384 413 428 Plerique
446 384 515 418 hoc
534 385 709 427 ignorant
732 387 770 418 et
794 385 973 418 miracula
996 386 1174 428 poscunt,
1207 393 1300 427 quae
1322 381 1386 429 pi-

154 430 270 466 scium
287 436 323 465 et
341 437 508 465 cetorum
524 432 736 464 nominibus
755 431 1022 473 significantur.

63 479 103 513 C.
126 481 182 512 28.
232 478 365 520 Pergit
398 478 444 511 ad
476 489 622 512 versum
654 481 881 512 extremum:
909 478 1037 512 omnia
1068 478 1166 512 bona
1184 478 1292 512 valde
1309 476 1336 510 i.
1356 486 1389 509 e.

156 536 268 569 opere
287 527 366 558 toto
384 523 568 559 absoluto.

63 572 105 606 C.
124 576 182 607 29.
233 573 461 615 Quamquam
486 573 603 605 octies
629 571 750 605 Deum
773 571 914 604 vidisse
939 575 990 607 ὅτι
1008 576 1113 608 καλόν
1129 571 1312 611 refertur,
1335 574 1390 604 ta-

155 631 238 653 men
256 620 296 652 in
314 620 435 652 Deum
453 619 606 662 eiusque
624 619 773 652 verbum
794 629 866 651 non
885 618 986 651 cadit
1003 620 1160 660 tempus.

65 666 106 700 C.
126 671 182 701 30.
231 665 536 699 Manichaeorum
569 664 905 708 Gnosticorumque
947 665 1145 708 opiniones
1186 665 1230 698 de
1263 664 1392 697 mundi

158 714 303 755 origine
317 710 474 745 refellit.

66 759 110 793 C.
127 764 183 795 31.
230 758 310 793 Nos
328 770 401 791 non
415 758 603 797 videmus,
622 760 673 794 ὅτι
689 763 817 799 καλόν,
835 758 909 794 nisi
928 769 997 802 per
1016 756 1199 802 Spiritum
1217 757 1312 798 Dei,
1332 757 1394 801 qui

158 808 259 841 inest
275 805 394 839 nobis.

68 853 110 888 C.
129 857 184 889 32.
233 853 292 887 De
311 850 471 893 singulis
491 849 564 885 Dei
597 851 787 895 operibus,
806 852 981 895 inprimis
997 850 1043 884 de
1061 849 1222 885 homine.

68 901 110 935 C.
130 904 186 936 33.
236 899 399 933 Mundus
418 901 565 932 creatus
583 902 642 931 est
659 909 680 931 a
698 899 778 931 Deo
799 898 843 931 de
862 897 993 932 nihilo.

69 947 110 982 C.
131 950 188 980 34.
238 944 457 979 Summatim
498 943 739 986 allegoricam
775 944 967 978 Geneseos
1000 955 1080 987 cap.
1109 950 1139 979 l.
1166 946 1396 988 interpreta-

160 994 302 1028 tionem
319 993 471 1035 repetit,
484 1002 636 1034 eamque
649 1003 717 1024 nos
734 992 873 1035 spiritu
893 992 1019 1024 divino
1039 992 1168 1025 videre
1187 993 1396 1025 confitetur.

71 1039 113 1074 C.
135 1043 189 1075 35.
240 1040 425 1072 Precatur
441 1049 463 1070 a
480 1039 561 1071 Deo
580 1049 709 1081 pacem
727 1038 864 1084 quietis·
880 1037 958 1071 sine
976 1048 1139 1081 vespera.

70 1087 99 1121 C
132 1089 189 1122 36.
237 1086 331 1120 Dies
348 1085 529 1128 septimus
546 1085 625 1118 sine
643 1095 800 1127 vespera
816 1087 854 1118 et
873 1096 1002 1119 occasu
1030 1087 1149 1128 imago
1174 1084 1320 1119 sabbati
1344 1085 1400 1118 vi-

161 1136 221 1167 tae
240 1136 414 1166 aeternae
432 1135 470 1165 et
487 1131 624 1174 quietis
642 1132 682 1164 in
699 1132 793 1165 Deo.

71 1180 111 1215 C.
130 1182 187 1216 37.
238 1180 296 1213 De
318 1179 443 1222 quiete
468 1179 508 1211 in
532 1178 614 1211 Deo
640 1189 789 1222 semper
814 1182 993 1222 operante
1019 1185 1057 1213 et
1081 1189 1229 1222 semper
1252 1179 1400 1222 requie-

165 1228 304 1261 scente.

75 1274 116 1308 C.
137 1276 194 1308 38.
245 1273 303 1306 De
331 1271 544 1305 discrimine
571 1271 796 1314 cognitionis
814 1271 888 1306 Dei
906 1274 944 1305 et
962 1270 1143 1305 hominum
1156 1297 1164 1312 ,
1182 1274 1219 1306 et
1238 1272 1360 1316 quiete
1379 1283 1401 1305 a

168 1318 249 1355 solo
267 1320 349 1354 Deo
365 1318 544 1363 petenda.
