<?xml version="1.0" encoding="UTF-8"?>
<!DOCTYPE html PUBLIC "-//W3C//DTD XHTML 1.0 Transitional//EN"
    "http://www.w3.org/TR/xhtml1/DTD/xhtml1-transitional.dtd">
<html xmlns="http://www.w3.org/1999/xhtml" xml:lang="en" lang="en">
 <head>
  <title>
</title>
<meta http-equiv="Content-Type" content="text/html;charset=utf-8" />
  <meta name='ocr-system' content='tesseract 3.04.00' />
  <meta name='ocr-capabilities' content='ocr_page ocr_carea ocr_par ocr_line ocrx_word'/>
</head>
<body>
  <div class='ocr_page' id='page_1' title='image "./saureliiaugustin00augu_0023.png"; bbox 0 0 1514 2438; ppageno 0'>
   <div class='ocr_carea' id='block_1_1' title="bbox 484 110 1397 154">
    <p class='ocr_par' dir='ltr' id='par_1_1' title="bbox 484 110 1397 154">
     <span class='ocr_line' id='line_1_1' title="bbox 484 110 1397 154; baseline 0 -1"><span class='ocrx_word' id='word_1_1' title='bbox 484 110 976 154; x_wconf 81' lang='lat' dir='ltr'><strong>ARGUMENTUM.</strong></span> <span class='ocrx_word' id='word_1_2' title='bbox 1312 124 1397 153; x_wconf 74' lang='lat' dir='ltr'><strong>xxx</strong></span> 
     </span>
    </p>
   </div>
   <div class='ocr_carea' id='block_1_2' title="bbox 75 194 1404 1547">
    <p class='ocr_par' dir='ltr' id='par_1_2' title="bbox 79 194 1253 240">
     <span class='ocr_line' id='line_1_2' title="bbox 79 194 1253 240; baseline -0.003 -9"><span class='ocrx_word' id='word_1_3' title='bbox 79 197 119 231; x_wconf 88' lang='lat' dir='ltr'><strong>C.</strong></span> <span class='ocrx_word' id='word_1_4' title='bbox 138 200 171 232; x_wconf 79' lang='lat'><strong>6.</strong></span> <span class='ocrx_word' id='word_1_5' title='bbox 224 196 444 237; x_wconf 84' lang='lat' dir='ltr'><strong>Confitetur,</strong></span> <span class='ocrx_word' id='word_1_6' title='bbox 464 206 503 230; x_wconf 87' lang='lat' dir='ltr'><strong>se</strong></span> <span class='ocrx_word' id='word_1_7' title='bbox 521 194 611 230; x_wconf 91' lang='lat' dir='ltr'><strong>olim</strong></span> <span class='ocrx_word' id='word_1_8' title='bbox 628 206 827 240; x_wconf 83' lang='lat' dir='ltr'>perperam</span> <span class='ocrx_word' id='word_1_9' title='bbox 847 196 892 229; x_wconf 79' lang='lat' dir='ltr'><strong>de</strong></span> <span class='ocrx_word' id='word_1_10' title='bbox 910 196 1068 229; x_wconf 80' lang='lat' dir='ltr'><strong>materia</strong></span> <span class='ocrx_word' id='word_1_11' title='bbox 1081 195 1253 229; x_wconf 80' lang='lat' dir='ltr'>sensisse.</span> 
     </span>
    </p>

    <p class='ocr_par' dir='ltr' id='par_1_3' title="bbox 79 241 1019 277">
     <span class='ocr_line' id='line_1_3' title="bbox 79 241 1019 277; baseline -0.003 0"><span class='ocrx_word' id='word_1_12' title='bbox 79 244 119 277; x_wconf 88' lang='lat' dir='ltr'><strong>C.</strong></span> <span class='ocrx_word' id='word_1_13' title='bbox 139 245 170 276; x_wconf 74' lang='lat'><strong>7.</strong></span> <span class='ocrx_word' id='word_1_14' title='bbox 220 244 324 277; x_wconf 88' lang='lat' dir='ltr'><strong>Deus</strong></span> <span class='ocrx_word' id='word_1_15' title='bbox 341 244 434 277; x_wconf 84' lang='lat' dir='ltr'><strong>fecit</strong></span> <span class='ocrx_word' id='word_1_16' title='bbox 451 241 594 277; x_wconf 88' lang='lat' dir='ltr'><strong>coelum</strong></span> <span class='ocrx_word' id='word_1_17' title='bbox 612 246 651 276; x_wconf 91' lang='lat' dir='ltr'><strong>et</strong></span> <span class='ocrx_word' id='word_1_18' title='bbox 668 247 806 276; x_wconf 86' lang='lat' dir='ltr'><strong>terram</strong></span> <span class='ocrx_word' id='word_1_19' title='bbox 826 243 871 276; x_wconf 79' lang='lat' dir='ltr'><strong>(le</strong></span> <span class='ocrx_word' id='word_1_20' title='bbox 889 241 1019 275; x_wconf 85' lang='lat' dir='ltr'><strong>nihilo.</strong></span> 
     </span>
    </p>

    <p class='ocr_par' dir='ltr' id='par_1_4' title="bbox 79 288 1399 381">
     <span class='ocr_line' id='line_1_4' title="bbox 79 288 1399 334; baseline -0.001 -13"><span class='ocrx_word' id='word_1_21' title='bbox 79 291 118 322; x_wconf 88' lang='lat' dir='ltr'><strong>C.</strong></span> <span class='ocrx_word' id='word_1_22' title='bbox 138 294 168 323; x_wconf 89' lang='grc'><strong>8.</strong></span> <span class='ocrx_word' id='word_1_23' title='bbox 220 289 373 324; x_wconf 90' lang='lat' dir='ltr'><strong>Coelum</strong></span> <span class='ocrx_word' id='word_1_24' title='bbox 393 292 432 323; x_wconf 87' lang='lat' dir='ltr'><strong>et</strong></span> <span class='ocrx_word' id='word_1_25' title='bbox 450 292 551 323; x_wconf 87' lang='lat' dir='ltr'><strong>terra</strong></span> <span class='ocrx_word' id='word_1_26' title='bbox 566 290 606 323; x_wconf 78' lang='lat' dir='ltr'><strong>in</strong></span> <span class='ocrx_word' id='word_1_27' title='bbox 620 289 822 334; x_wconf 78' lang='lat' dir='ltr'><strong>principio</strong></span> <span class='ocrx_word' id='word_1_28' title='bbox 841 289 943 323; x_wconf 85' lang='lat' dir='ltr'><strong>facta</strong></span> <span class='ocrx_word' id='word_1_29' title='bbox 961 290 1066 328; x_wconf 85' lang='lat' dir='ltr'><strong>sunt,</strong></span> <span class='ocrx_word' id='word_1_30' title='bbox 1093 290 1227 332; x_wconf 88' lang='lat' dir='ltr'><strong>postea</strong></span> <span class='ocrx_word' id='word_1_31' title='bbox 1242 288 1399 321; x_wconf 82' lang='lat' dir='ltr'><strong>mundus</strong></span> 
     </span>
     <span class='ocr_line' id='line_1_5' title="bbox 174 336 854 381; baseline -0.003 -11"><span class='ocrx_word' id='word_1_32' title='bbox 174 348 243 381; x_wconf 87' lang='lat' dir='ltr'><strong>per</strong></span> <span class='ocrx_word' id='word_1_33' title='bbox 259 347 328 370; x_wconf 81' lang='lat' dir='ltr'><strong>sex</strong></span> <span class='ocrx_word' id='word_1_34' title='bbox 347 337 428 370; x_wconf 83' lang='lat' dir='ltr'><strong>dies</strong></span> <span class='ocrx_word' id='word_1_35' title='bbox 446 347 495 370; x_wconf 80' lang='lat' dir='ltr'><strong>ex</strong></span> <span class='ocrx_word' id='word_1_36' title='bbox 511 336 666 370; x_wconf 86' lang='lat' dir='ltr'><strong>informi</strong></span> <span class='ocrx_word' id='word_1_37' title='bbox 683 336 854 369; x_wconf 84' lang='lat' dir='ltr'><strong>materia.</strong></span> 
     </span>
    </p>

    <p class='ocr_par' dir='ltr' id='par_1_5' title="bbox 80 380 1401 473">
     <span class='ocr_line' id='line_1_6' title="bbox 80 380 1401 421; baseline -0.001 -5"><span class='ocrx_word' id='word_1_38' title='bbox 80 384 120 416; x_wconf 94' lang='lat' dir='ltr'><strong>C.</strong></span> <span class='ocrx_word' id='word_1_39' title='bbox 139 386 170 418; x_wconf 86' lang='lat'><strong>9.</strong></span> <span class='ocrx_word' id='word_1_40' title='bbox 223 382 376 417; x_wconf 79' lang='lat' dir='ltr'><strong>Coelum</strong></span> <span class='ocrx_word' id='word_1_41' title='bbox 390 382 485 416; x_wconf 91' lang='lat' dir='ltr'><strong>coeli</strong></span> <span class='ocrx_word' id='word_1_42' title='bbox 510 394 590 416; x_wconf 89' lang='lat' dir='ltr'><strong>esse</strong></span> <span class='ocrx_word' id='word_1_43' title='bbox 609 386 814 416; x_wconf 85' lang='lat' dir='ltr'><strong>creaturam</strong></span> <span class='ocrx_word' id='word_1_44' title='bbox 833 380 1141 421; x_wconf 67' lang='lat' dir='ltr'><strong>intellectualem,</strong></span> <span class='ocrx_word' id='word_1_45' title='bbox 1161 387 1302 416; x_wconf 71' lang='lat' dir='ltr'><strong>terram</strong></span> <span class='ocrx_word' id='word_1_46' title='bbox 1314 392 1401 415; x_wconf 86' lang='lat' dir='ltr'><strong>vero</strong></span> 
     </span>
     <span class='ocr_line' id='line_1_7' title="bbox 169 429 1120 473; baseline -0.002 -10"><span class='ocrx_word' id='word_1_47' title='bbox 169 429 398 463; x_wconf 82' lang='lat' dir='ltr'><strong>invisibilem</strong></span> <span class='ocrx_word' id='word_1_48' title='bbox 412 434 451 463; x_wconf 87' lang='lat' dir='ltr'><strong>et</strong></span> <span class='ocrx_word' id='word_1_49' title='bbox 466 431 751 473; x_wconf 79' lang='lat' dir='ltr'><strong>incompositam</strong></span> <span class='ocrx_word' id='word_1_50' title='bbox 769 432 854 462; x_wconf 85' lang='lat' dir='ltr'><strong>ante</strong></span> <span class='ocrx_word' id='word_1_51' title='bbox 873 429 953 462; x_wconf 80' lang='lat' dir='ltr'><strong>(lies</strong></span> <span class='ocrx_word' id='word_1_52' title='bbox 970 429 1120 462; x_wconf 84' lang='lat' dir='ltr'><strong>factam.</strong></span> 
     </span>
    </p>

    <p class='ocr_par' dir='ltr' id='par_1_6' title="bbox 80 473 1404 556">
     <span class='ocr_line' id='line_1_8' title="bbox 80 473 1404 520; baseline -0.002 -10"><span class='ocrx_word' id='word_1_53' title='bbox 80 476 118 510; x_wconf 92' lang='lat' dir='ltr'><strong>C.</strong></span> <span class='ocrx_word' id='word_1_54' title='bbox 141 480 192 510; x_wconf 89' lang='lat'><strong>10.</strong></span> <span class='ocrx_word' id='word_1_55' title='bbox 242 476 275 509; x_wconf 84' lang='lat' dir='ltr'><strong>A</strong></span> <span class='ocrx_word' id='word_1_56' title='bbox 292 477 373 510; x_wconf 92' lang='lat' dir='ltr'><strong>Deo</strong></span> <span class='ocrx_word' id='word_1_57' title='bbox 392 477 508 520; x_wconf 87' lang='lat' dir='ltr'><strong>petit,</strong></span> <span class='ocrx_word' id='word_1_58' title='bbox 527 478 567 510; x_wconf 89' lang='lat' dir='ltr'><strong>ut</strong></span> <span class='ocrx_word' id='word_1_59' title='bbox 578 477 679 510; x_wconf 87' lang='lat' dir='ltr'><strong>vivat</strong></span> <span class='ocrx_word' id='word_1_60' title='bbox 695 476 736 509; x_wconf 90' lang='lat' dir='ltr'><strong>in</strong></span> <span class='ocrx_word' id='word_1_61' title='bbox 751 486 840 509; x_wconf 81' lang='lat' dir='ltr'><strong>vero</strong></span> <span class='ocrx_word' id='word_1_62' title='bbox 858 473 1057 515; x_wconf 88' lang='lat' dir='ltr'><strong>lumine,et</strong></span> <span class='ocrx_word' id='word_1_63' title='bbox 1076 476 1252 510; x_wconf 85' lang='lat' dir='ltr'><strong>doceatur</strong></span> <span class='ocrx_word' id='word_1_64' title='bbox 1270 485 1404 508; x_wconf 78' lang='lat' dir='ltr'><strong>arcana</strong></span> 
     </span>
     <span class='ocr_line' id='line_1_9' title="bbox 169 522 562 556; baseline -0.003 0"><span class='ocrx_word' id='word_1_65' title='bbox 169 522 349 556; x_wconf 85' lang='lat' dir='ltr'><strong>librorum</strong></span> <span class='ocrx_word' id='word_1_66' title='bbox 367 534 562 556; x_wconf 85' lang='lat' dir='ltr'><strong>sactorum.</strong></span> 
     </span>
    </p>

    <p class='ocr_par' dir='ltr' id='par_1_7' title="bbox 79 568 943 613">
     <span class='ocr_line' id='line_1_10' title="bbox 79 568 943 613; baseline -0.002 -11"><span class='ocrx_word' id='word_1_67' title='bbox 79 569 118 602; x_wconf 83' lang='lat' dir='ltr'><strong>C.</strong></span> <span class='ocrx_word' id='word_1_68' title='bbox 140 574 192 603; x_wconf 94' lang='lat' dir='ltr'><strong>ll.</strong></span> <span class='ocrx_word' id='word_1_69' title='bbox 242 570 339 609; x_wconf 78' lang='lat' dir='ltr'><strong>Quid</strong></span> <span class='ocrx_word' id='word_1_70' title='bbox 355 570 430 613; x_wconf 89' lang='lat' dir='ltr'><strong>ipsi</strong></span> <span class='ocrx_word' id='word_1_71' title='bbox 447 581 469 603; x_wconf 91' lang='lat' dir='ltr'><strong>a</strong></span> <span class='ocrx_word' id='word_1_72' title='bbox 486 570 568 603; x_wconf 93' lang='lat' dir='ltr'><strong>Deo</strong></span> <span class='ocrx_word' id='word_1_73' title='bbox 585 568 867 604; x_wconf 82' lang='lat' dir='ltr'><strong>manifestatum</strong></span> <span class='ocrx_word' id='word_1_74' title='bbox 883 569 943 601; x_wconf 89' lang='lat' dir='ltr'><strong>sit.</strong></span> 
     </span>
    </p>

    <p class='ocr_par' dir='ltr' id='par_1_8' title="bbox 79 613 1402 706">
     <span class='ocr_line' id='line_1_11' title="bbox 79 613 1402 650; baseline -0.001 -1"><span class='ocrx_word' id='word_1_75' title='bbox 79 615 120 649; x_wconf 91' lang='lat' dir='ltr'><strong>C.</strong></span> <span class='ocrx_word' id='word_1_76' title='bbox 142 619 194 650; x_wconf 95' lang='grc'><strong>12.</strong></span> <span class='ocrx_word' id='word_1_77' title='bbox 242 616 305 650; x_wconf 78' lang='lat' dir='ltr'><strong>Ex</strong></span> <span class='ocrx_word' id='word_1_78' title='bbox 328 619 432 650; x_wconf 87' lang='lat' dir='ltr'><strong>terra</strong></span> <span class='ocrx_word' id='word_1_79' title='bbox 454 616 605 649; x_wconf 85' lang='lat' dir='ltr'><strong>informi</strong></span> <span class='ocrx_word' id='word_1_80' title='bbox 631 617 734 649; x_wconf 88' lang='lat' dir='ltr'><strong>Deus</strong></span> <span class='ocrx_word' id='word_1_81' title='bbox 758 616 900 648; x_wconf 79' lang='lat' dir='ltr'><strong>creavit</strong></span> <span class='ocrx_word' id='word_1_82' title='bbox 923 613 1080 648; x_wconf 77' lang='lat' dir='ltr'><strong>alterum</strong></span> <span class='ocrx_word' id='word_1_83' title='bbox 1107 614 1247 648; x_wconf 90' lang='lat' dir='ltr'><strong>coelum</strong></span> <span class='ocrx_word' id='word_1_84' title='bbox 1275 618 1312 649; x_wconf 91' lang='lat' dir='ltr'><strong>et</strong></span> <span class='ocrx_word' id='word_1_85' title='bbox 1330 618 1402 648; x_wconf 87' lang='lat' dir='ltr'><strong>ter-</strong></span> 
     </span>
     <span class='ocr_line' id='line_1_12' title="bbox 169 663 778 706; baseline -0.003 -10"><span class='ocrx_word' id='word_1_86' title='bbox 169 674 247 696; x_wconf 86' lang='lat' dir='ltr'><strong>ram</strong></span> <span class='ocrx_word' id='word_1_87' title='bbox 264 664 451 696; x_wconf 87' lang='lat' dir='ltr'><strong>visibilem</strong></span> <span class='ocrx_word' id='word_1_88' title='bbox 469 665 507 696; x_wconf 90' lang='lat' dir='ltr'><strong>et</strong></span> <span class='ocrx_word' id='word_1_89' title='bbox 525 663 778 706; x_wconf 83' lang='lat' dir='ltr'><strong>compositam.</strong></span> 
     </span>
    </p>

    <p class='ocr_par' dir='ltr' id='par_1_9' title="bbox 79 707 1396 789">
     <span class='ocr_line' id='line_1_13' title="bbox 79 707 1396 752; baseline -0.002 -10"><span class='ocrx_word' id='word_1_90' title='bbox 79 708 118 742; x_wconf 88' lang='lat' dir='ltr'><strong>C.</strong></span> <span class='ocrx_word' id='word_1_91' title='bbox 140 713 192 743; x_wconf 85' lang='grc'><strong>13.</strong></span> <span class='ocrx_word' id='word_1_92' title='bbox 244 710 302 743; x_wconf 91' lang='lat' dir='ltr'><strong>De</strong></span> <span class='ocrx_word' id='word_1_93' title='bbox 321 708 424 743; x_wconf 86' lang='lat' dir='ltr'><strong>coelo</strong></span> <span class='ocrx_word' id='word_1_94' title='bbox 442 708 704 748; x_wconf 83' lang='lat' dir='ltr'><strong>intellectuali,</strong></span> <span class='ocrx_word' id='word_1_95' title='bbox 723 711 761 742; x_wconf 89' lang='lat' dir='ltr'><strong>et</strong></span> <span class='ocrx_word' id='word_1_96' title='bbox 777 710 880 742; x_wconf 82' lang='lat' dir='ltr'><strong>ten-a</strong></span> <span class='ocrx_word' id='word_1_97' title='bbox 896 708 1165 752; x_wconf 82' lang='lat' dir='ltr'><strong>incomposita,</strong></span> <span class='ocrx_word' id='word_1_98' title='bbox 1187 719 1236 741; x_wconf 77' lang='lat' dir='ltr'><strong>ex</strong></span> <span class='ocrx_word' id='word_1_99' title='bbox 1254 719 1325 751; x_wconf 87' lang='lat' dir='ltr'><strong>qua</strong></span> <span class='ocrx_word' id='word_1_100' title='bbox 1344 707 1396 741; x_wconf 88' lang='lat' dir='ltr'><strong>al-</strong></span> 
     </span>
     <span class='ocr_line' id='line_1_14' title="bbox 169 757 631 789; baseline 0 0"><span class='ocrx_word' id='word_1_101' title='bbox 169 759 250 789; x_wconf 83' lang='lat' dir='ltr'><strong>tero</strong></span> <span class='ocrx_word' id='word_1_102' title='bbox 270 757 328 789; x_wconf 84' lang='lat' dir='ltr'><strong>die</strong></span> <span class='ocrx_word' id='word_1_103' title='bbox 346 757 631 789; x_wconf 86' lang='lat' dir='ltr'><strong>firmamentum.</strong></span> 
     </span>
    </p>

    <p class='ocr_par' dir='ltr' id='par_1_10' title="bbox 77 800 1314 846">
     <span class='ocr_line' id='line_1_15' title="bbox 77 800 1314 846; baseline -0.002 -11"><span class='ocrx_word' id='word_1_104' title='bbox 77 802 118 836; x_wconf 87' lang='lat' dir='ltr'><strong>C.</strong></span> <span class='ocrx_word' id='word_1_105' title='bbox 138 806 190 836; x_wconf 82' lang='lat'><strong>14.</strong></span> <span class='ocrx_word' id='word_1_106' title='bbox 240 803 298 836; x_wconf 90' lang='lat' dir='ltr'><strong>De</strong></span> <span class='ocrx_word' id='word_1_107' title='bbox 316 803 526 846; x_wconf 81' lang='lat' dir='ltr'><strong>scripturae</strong></span> <span class='ocrx_word' id='word_1_108' title='bbox 543 814 669 836; x_wconf 85' lang='lat' dir='ltr'><strong>sacrae</strong></span> <span class='ocrx_word' id='word_1_109' title='bbox 686 801 945 846; x_wconf 80' lang='lat' dir='ltr'><strong>profunditate</strong></span> <span class='ocrx_word' id='word_1_110' title='bbox 963 802 1115 845; x_wconf 88' lang='lat' dir='ltr'><strong>eiusque</strong></span> <span class='ocrx_word' id='word_1_111' title='bbox 1134 800 1314 834; x_wconf 85' lang='lat' dir='ltr'><strong>hostibus.</strong></span> 
     </span>
    </p>

    <p class='ocr_par' dir='ltr' id='par_1_11' title="bbox 78 847 1126 893">
     <span class='ocr_line' id='line_1_16' title="bbox 78 847 1126 893; baseline -0.001 -11"><span class='ocrx_word' id='word_1_112' title='bbox 78 849 118 883; x_wconf 91' lang='lat' dir='ltr'><strong>C.</strong></span> <span class='ocrx_word' id='word_1_113' title='bbox 139 852 192 882; x_wconf 88' lang='lat'><strong>15.</strong></span> <span class='ocrx_word' id='word_1_114' title='bbox 242 850 425 893; x_wconf 84' lang='lat' dir='ltr'><strong>Disputat</strong></span> <span class='ocrx_word' id='word_1_115' title='bbox 435 853 565 883; x_wconf 86' lang='lat' dir='ltr'><strong>contra</strong></span> <span class='ocrx_word' id='word_1_116' title='bbox 582 850 816 883; x_wconf 84' lang='lat' dir='ltr'><strong>adversarios</strong></span> <span class='ocrx_word' id='word_1_117' title='bbox 835 850 879 882; x_wconf 84' lang='lat' dir='ltr'><strong>de</strong></span> <span class='ocrx_word' id='word_1_118' title='bbox 898 847 1002 882; x_wconf 87' lang='lat' dir='ltr'><strong>coelo</strong></span> <span class='ocrx_word' id='word_1_119' title='bbox 1019 847 1126 882; x_wconf 88' lang='lat' dir='ltr'><strong>coeli.</strong></span> 
     </span>
    </p>

    <p class='ocr_par' dir='ltr' id='par_1_12' title="bbox 78 895 1397 976">
     <span class='ocr_line' id='line_1_17' title="bbox 78 895 1397 938; baseline -0.002 -8"><span class='ocrx_word' id='word_1_120' title='bbox 78 896 120 930; x_wconf 88' lang='lat' dir='ltr'><strong>C.</strong></span> <span class='ocrx_word' id='word_1_121' title='bbox 140 898 194 930; x_wconf 84' lang='lat'><strong>16.</strong></span> <span class='ocrx_word' id='word_1_122' title='bbox 247 896 517 929; x_wconf 85' lang='lat' dir='ltr'><strong>Commercium</strong></span> <span class='ocrx_word' id='word_1_123' title='bbox 533 908 606 930; x_wconf 88' lang='lat' dir='ltr'><strong>non</strong></span> <span class='ocrx_word' id='word_1_124' title='bbox 622 895 703 930; x_wconf 86' lang='lat' dir='ltr'><strong>vult</strong></span> <span class='ocrx_word' id='word_1_125' title='bbox 719 895 856 929; x_wconf 82' lang='lat' dir='ltr'><strong>habere</strong></span> <span class='ocrx_word' id='word_1_126' title='bbox 876 907 956 928; x_wconf 89' lang='lat' dir='ltr'><strong>cum</strong></span> <span class='ocrx_word' id='word_1_127' title='bbox 973 896 1040 934; x_wconf 92' lang='lat' dir='ltr'><strong>iis,</strong></span> <span class='ocrx_word' id='word_1_128' title='bbox 1068 896 1129 938; x_wconf 88' lang='lat' dir='ltr'><strong>qui</strong></span> <span class='ocrx_word' id='word_1_129' title='bbox 1148 897 1285 937; x_wconf 76' lang='lat' dir='ltr'><strong>negant</strong></span> <span class='ocrx_word' id='word_1_130' title='bbox 1304 895 1397 927; x_wconf 82' lang='lat' dir='ltr'><strong>veri-</strong></span> 
     </span>
     <span class='ocr_line' id='line_1_18' title="bbox 165 943 473 976; baseline -0.003 0"><span class='ocrx_word' id='word_1_131' title='bbox 165 945 281 976; x_wconf 87' lang='lat' dir='ltr'><strong>tatem</strong></span> <span class='ocrx_word' id='word_1_132' title='bbox 300 943 473 976; x_wconf 78' lang='lat' dir='ltr'><strong>divinam.</strong></span> 
     </span>
    </p>

    <p class='ocr_par' dir='ltr' id='par_1_13' title="bbox 77 985 1282 1032">
     <span class='ocr_line' id='line_1_19' title="bbox 77 985 1282 1032; baseline 0.002 -13"><span class='ocrx_word' id='word_1_133' title='bbox 77 985 116 1020; x_wconf 91' lang='lat' dir='ltr'><strong>C.</strong></span> <span class='ocrx_word' id='word_1_134' title='bbox 135 992 187 1023; x_wconf 75' lang='lat'><strong>17.</strong></span> <span class='ocrx_word' id='word_1_135' title='bbox 234 989 444 1024; x_wconf 87' lang='lat' dir='ltr'><strong>Verborum</strong></span> <span class='ocrx_word' id='word_1_136' title='bbox 464 989 558 1023; x_wconf 85' lang='lat' dir='ltr'><strong>Gen.</strong></span> <span class='ocrx_word' id='word_1_137' title='bbox 578 992 609 1027; x_wconf 90' lang='lat'><strong>1,</strong></span> <span class='ocrx_word' id='word_1_138' title='bbox 630 992 659 1021; x_wconf 86' lang='lat'><strong>1.</strong></span> <span class='ocrx_word' id='word_1_139' title='bbox 678 986 955 1031; x_wconf 83' lang='lat' dir='ltr'><strong>explicationes</strong></span> <span class='ocrx_word' id='word_1_140' title='bbox 974 989 1134 1032; x_wconf 84' lang='lat' dir='ltr'><strong>quinque</strong></span> <span class='ocrx_word' id='word_1_141' title='bbox 1153 988 1282 1022; x_wconf 82' lang='lat' dir='ltr'><strong>refert.</strong></span> 
     </span>
    </p>

    <p class='ocr_par' dir='ltr' id='par_1_14' title="bbox 76 1033 1040 1079">
     <span class='ocr_line' id='line_1_20' title="bbox 76 1033 1040 1079; baseline 0.002 -12"><span class='ocrx_word' id='word_1_142' title='bbox 76 1033 116 1067; x_wconf 89' lang='lat' dir='ltr'><strong>C.</strong></span> <span class='ocrx_word' id='word_1_143' title='bbox 138 1040 191 1070; x_wconf 84' lang='grc'><strong>18.</strong></span> <span class='ocrx_word' id='word_1_144' title='bbox 241 1035 331 1074; x_wconf 79' lang='lat' dir='ltr'><strong>Quis</strong></span> <span class='ocrx_word' id='word_1_145' title='bbox 350 1047 454 1070; x_wconf 87' lang='lat' dir='ltr'><strong>error</strong></span> <span class='ocrx_word' id='word_1_146' title='bbox 469 1036 646 1069; x_wconf 76' lang='lat' dir='ltr'><strong>innoxius</strong></span> <span class='ocrx_word' id='word_1_147' title='bbox 664 1036 703 1068; x_wconf 88' lang='lat' dir='ltr'><strong>in</strong></span> <span class='ocrx_word' id='word_1_148' title='bbox 721 1036 909 1079; x_wconf 86' lang='lat' dir='ltr'><strong>scriptura</strong></span> <span class='ocrx_word' id='word_1_149' title='bbox 926 1047 1040 1069; x_wconf 84' lang='lat' dir='ltr'><strong>sacra.</strong></span> 
     </span>
    </p>

    <p class='ocr_par' dir='ltr' id='par_1_15' title="bbox 76 1080 1217 1125">
     <span class='ocr_line' id='line_1_21' title="bbox 76 1080 1217 1125; baseline -0.001 -10"><span class='ocrx_word' id='word_1_150' title='bbox 76 1080 117 1114; x_wconf 87' lang='lat' dir='ltr'><strong>C.</strong></span> <span class='ocrx_word' id='word_1_151' title='bbox 134 1084 190 1116; x_wconf 87' lang='grc'><strong>19.</strong></span> <span class='ocrx_word' id='word_1_152' title='bbox 237 1082 442 1116; x_wconf 84' lang='lat' dir='ltr'><strong>Enumerat</strong></span> <span class='ocrx_word' id='word_1_153' title='bbox 458 1093 514 1124; x_wconf 87' lang='lat' dir='ltr'><strong>ea,</strong></span> <span class='ocrx_word' id='word_1_154' title='bbox 535 1082 580 1116; x_wconf 85' lang='lat' dir='ltr'><strong>de</strong></span> <span class='ocrx_word' id='word_1_155' title='bbox 599 1082 732 1125; x_wconf 81' lang='lat' dir='ltr'><strong>quibus</strong></span> <span class='ocrx_word' id='word_1_156' title='bbox 749 1082 848 1115; x_wconf 89' lang='lat' dir='ltr'><strong>inter</strong></span> <span class='ocrx_word' id='word_1_157' title='bbox 867 1093 993 1116; x_wconf 88' lang='lat' dir='ltr'><strong>omnes</strong></span> <span class='ocrx_word' id='word_1_158' title='bbox 1011 1082 1217 1116; x_wconf 90' lang='lat' dir='ltr'><strong>conveniat.</strong></span> 
     </span>
    </p>

    <p class='ocr_par' dir='ltr' id='par_1_16' title="bbox 75 1127 1086 1174">
     <span class='ocr_line' id='line_1_22' title="bbox 75 1127 1086 1174; baseline 0.001 -13"><span class='ocrx_word' id='word_1_159' title='bbox 75 1127 115 1161; x_wconf 89' lang='lat' dir='ltr'><strong>C.</strong></span> <span class='ocrx_word' id='word_1_160' title='bbox 133 1132 189 1162; x_wconf 84' lang='lat'><strong>20.</strong></span> <span class='ocrx_word' id='word_1_161' title='bbox 239 1129 299 1163; x_wconf 91' lang='lat' dir='ltr'><strong>De</strong></span> <span class='ocrx_word' id='word_1_162' title='bbox 315 1130 460 1163; x_wconf 75' lang='lat' dir='ltr'><strong>verbis:</strong></span> <span class='ocrx_word' id='word_1_163' title='bbox 485 1127 731 1174; x_wconf 78' lang='lat' dir='ltr'><strong>inprincipz‘o</strong></span> <span class='ocrx_word' id='word_1_164' title='bbox 749 1130 851 1162; x_wconf 85' lang='lat' dir='ltr'><strong>varie</strong></span> <span class='ocrx_word' id='word_1_165' title='bbox 869 1128 1086 1163; x_wconf 87' lang='lat' dir='ltr'><strong>intellectis.</strong></span> 
     </span>
    </p>

    <p class='ocr_par' dir='ltr' id='par_1_17' title="bbox 75 1173 1339 1220">
     <span class='ocr_line' id='line_1_23' title="bbox 75 1173 1339 1220; baseline 0.001 -13"><span class='ocrx_word' id='word_1_166' title='bbox 75 1173 115 1207; x_wconf 90' lang='lat' dir='ltr'><strong>C.</strong></span> <span class='ocrx_word' id='word_1_167' title='bbox 134 1178 188 1208; x_wconf 86' lang='lat'><strong>21.</strong></span> <span class='ocrx_word' id='word_1_168' title='bbox 237 1176 296 1210; x_wconf 91' lang='lat' dir='ltr'><strong>De</strong></span> <span class='ocrx_word' id='word_1_169' title='bbox 315 1176 636 1220; x_wconf 83' lang='lat' dir='ltr'><strong>explicationibus</strong></span> <span class='ocrx_word' id='word_1_170' title='bbox 652 1176 864 1209; x_wconf 81' lang='lat' dir='ltr'><strong>verborum:</strong></span> <span class='ocrx_word' id='word_1_171' title='bbox 892 1181 996 1209; x_wconf 76' lang='lat' dir='ltr'><strong>terra</strong></span> <span class='ocrx_word' id='word_1_172' title='bbox 1012 1181 1096 1210; x_wconf 80' lang='lat' dir='ltr'><strong>erat</strong></span> <span class='ocrx_word' id='word_1_173' title='bbox 1114 1175 1339 1210; x_wconf 80' lang='lat' dir='ltr'><strong>invisibilis.</strong></span> 
     </span>
    </p>

    <p class='ocr_par' dir='ltr' id='par_1_18' title="bbox 75 1220 1352 1266">
     <span class='ocr_line' id='line_1_24' title="bbox 75 1220 1352 1266; baseline -0.002 -10"><span class='ocrx_word' id='word_1_174' title='bbox 75 1220 115 1254; x_wconf 83' lang='lat' dir='ltr'><strong>C·</strong></span> <span class='ocrx_word' id='word_1_175' title='bbox 131 1225 188 1256; x_wconf 88' lang='grc'><strong>22.</strong></span> <span class='ocrx_word' id='word_1_176' title='bbox 237 1223 438 1266; x_wconf 86' lang='lat' dir='ltr'><strong>Disquirit,</strong></span> <span class='ocrx_word' id='word_1_177' title='bbox 454 1234 541 1256; x_wconf 89' lang='lat' dir='ltr'><strong>num</strong></span> <span class='ocrx_word' id='word_1_178' title='bbox 557 1223 714 1257; x_wconf 83' lang='lat' dir='ltr'><strong>materia</strong></span> <span class='ocrx_word' id='word_1_179' title='bbox 730 1223 781 1256; x_wconf 90' lang='lat' dir='ltr'><strong>sit</strong></span> <span class='ocrx_word' id='word_1_180' title='bbox 799 1223 842 1256; x_wconf 88' lang='lat' dir='ltr'><strong>ab</strong></span> <span class='ocrx_word' id='word_1_181' title='bbox 862 1225 1027 1262; x_wconf 85' lang='lat' dir='ltr'><strong>aeterno,</strong></span> <span class='ocrx_word' id='word_1_182' title='bbox 1045 1234 1089 1256; x_wconf 87' lang='lat' dir='ltr'><strong>an</strong></span> <span class='ocrx_word' id='word_1_183' title='bbox 1109 1235 1130 1256; x_wconf 83' lang='lat' dir='ltr'><strong>a</strong></span> <span class='ocrx_word' id='word_1_184' title='bbox 1143 1223 1223 1256; x_wconf 87' lang='lat' dir='ltr'><strong>Deo</strong></span> <span class='ocrx_word' id='word_1_185' title='bbox 1242 1223 1352 1256; x_wconf 86' lang='lat' dir='ltr'><strong>facta.</strong></span> 
     </span>
    </p>

    <p class='ocr_par' dir='ltr' id='par_1_19' title="bbox 76 1267 1222 1314">
     <span class='ocr_line' id='line_1_25' title="bbox 76 1267 1222 1314; baseline -0.001 -13"><span class='ocrx_word' id='word_1_186' title='bbox 76 1267 117 1301; x_wconf 88' lang='lat' dir='ltr'><strong>C.</strong></span> <span class='ocrx_word' id='word_1_187' title='bbox 134 1271 189 1302; x_wconf 86' lang='lat'><strong>23.</strong></span> <span class='ocrx_word' id='word_1_188' title='bbox 237 1270 323 1303; x_wconf 89' lang='lat' dir='ltr'><strong>Duo</strong></span> <span class='ocrx_word' id='word_1_189' title='bbox 343 1269 615 1304; x_wconf 82' lang='lat' dir='ltr'><strong>dissensionum</strong></span> <span class='ocrx_word' id='word_1_190' title='bbox 633 1280 770 1312; x_wconf 84' lang='lat' dir='ltr'><strong>genera</strong></span> <span class='ocrx_word' id='word_1_191' title='bbox 788 1270 826 1302; x_wconf 92' lang='lat' dir='ltr'><strong>in</strong></span> <span class='ocrx_word' id='word_1_192' title='bbox 844 1268 953 1303; x_wconf 90' lang='lat' dir='ltr'><strong>libris</strong></span> <span class='ocrx_word' id='word_1_193' title='bbox 970 1269 1222 1314; x_wconf 85' lang='lat' dir='ltr'><strong>explicandis.</strong></span> 
     </span>
    </p>

    <p class='ocr_par' dir='ltr' id='par_1_20' title="bbox 76 1314 1401 1397">
     <span class='ocr_line' id='line_1_26' title="bbox 76 1314 1401 1357; baseline -0.001 -9"><span class='ocrx_word' id='word_1_194' title='bbox 76 1314 115 1348; x_wconf 85' lang='lat' dir='ltr'><strong>C·</strong></span> <span class='ocrx_word' id='word_1_195' title='bbox 134 1318 188 1350; x_wconf 82' lang='lat'><strong>24.</strong></span> <span class='ocrx_word' id='word_1_196' title='bbox 236 1316 300 1350; x_wconf 84' lang='lat' dir='ltr'><strong>Ex</strong></span> <span class='ocrx_word' id='word_1_197' title='bbox 324 1315 452 1350; x_wconf 88' lang='lat' dir='ltr'><strong>multis</strong></span> <span class='ocrx_word' id='word_1_198' title='bbox 473 1317 575 1350; x_wconf 82' lang='lat' dir='ltr'><strong>veris</strong></span> <span class='ocrx_word' id='word_1_199' title='bbox 598 1327 673 1349; x_wconf 88' lang='lat' dir='ltr'><strong>non</strong></span> <span class='ocrx_word' id='word_1_200' title='bbox 697 1318 756 1350; x_wconf 84' lang='lat' dir='ltr'><strong>est</strong></span> <span class='ocrx_word' id='word_1_201' title='bbox 778 1316 940 1349; x_wconf 80' lang='lat' dir='ltr'><strong>fidenter</strong></span> <span class='ocrx_word' id='word_1_202' title='bbox 963 1317 1221 1355; x_wconf 80' lang='lat' dir='ltr'><strong>asserendum,</strong></span> <span class='ocrx_word' id='word_1_203' title='bbox 1244 1316 1401 1357; x_wconf 83' lang='lat' dir='ltr'><strong>Moysen</strong></span> 
     </span>
     <span class='ocr_line' id='line_1_27' title="bbox 167 1361 693 1397; baseline 0.004 -3"><span class='ocrx_word' id='word_1_204' title='bbox 167 1361 235 1397; x_wconf 89' lang='lat' dir='ltr'><strong>hoc</strong></span> <span class='ocrx_word' id='word_1_205' title='bbox 250 1361 312 1396; x_wconf 85' lang='lat' dir='ltr'><strong>vel</strong></span> <span class='ocrx_word' id='word_1_206' title='bbox 327 1361 424 1396; x_wconf 80' lang='lat' dir='ltr'><strong>illud</strong></span> <span class='ocrx_word' id='word_1_207' title='bbox 441 1361 693 1396; x_wconf 82' lang='lat' dir='ltr'><strong>intellexisse.</strong></span> 
     </span>
    </p>

    <p class='ocr_par' dir='ltr' id='par_1_21' title="bbox 77 1407 1400 1499">
     <span class='ocr_line' id='line_1_28' title="bbox 77 1407 1400 1452; baseline 0 -11"><span class='ocrx_word' id='word_1_208' title='bbox 77 1407 118 1441; x_wconf 90' lang='lat' dir='ltr'><strong>C.</strong></span> <span class='ocrx_word' id='word_1_209' title='bbox 137 1410 192 1442; x_wconf 88' lang='lat'><strong>25.</strong></span> <span class='ocrx_word' id='word_1_210' title='bbox 238 1409 474 1452; x_wconf 87' lang='lat' dir='ltr'><strong>Interpretes</strong></span> <span class='ocrx_word' id='word_1_211' title='bbox 507 1409 552 1442; x_wconf 85' lang='lat' dir='ltr'><strong>de</strong></span> <span class='ocrx_word' id='word_1_212' title='bbox 580 1407 674 1442; x_wconf 87' lang='lat' dir='ltr'><strong>locis</strong></span> <span class='ocrx_word' id='word_1_213' title='bbox 707 1409 874 1442; x_wconf 85' lang='lat' dir='ltr'><strong>obscuris</strong></span> <span class='ocrx_word' id='word_1_214' title='bbox 909 1409 1176 1442; x_wconf 84' lang='lat' dir='ltr'><strong>dissentientes</strong></span> <span class='ocrx_word' id='word_1_215' title='bbox 1209 1409 1400 1451; x_wconf 87' lang='lat' dir='ltr'><strong>respicere</strong></span> 
     </span>
     <span class='ocr_line' id='line_1_29' title="bbox 166 1455 1353 1499; baseline -0.002 -11"><span class='ocrx_word' id='word_1_216' title='bbox 166 1455 274 1490; x_wconf 87' lang='lat' dir='ltr'><strong>decet</strong></span> <span class='ocrx_word' id='word_1_217' title='bbox 291 1456 411 1489; x_wconf 89' lang='lat' dir='ltr'><strong>Deum</strong></span> <span class='ocrx_word' id='word_1_218' title='bbox 433 1455 606 1489; x_wconf 81' lang='lat' dir='ltr'><strong>veritatis</strong></span> <span class='ocrx_word' id='word_1_219' title='bbox 630 1457 819 1489; x_wconf 83' lang='lat' dir='ltr'><strong>auctorem</strong></span> <span class='ocrx_word' id='word_1_220' title='bbox 838 1455 1080 1499; x_wconf 86' lang='lat' dir='ltr'><strong>caritatisque</strong></span> <span class='ocrx_word' id='word_1_221' title='bbox 1099 1461 1353 1499; x_wconf 84' lang='lat' dir='ltr'><strong>praeceptum.</strong></span> 
     </span>
    </p>

    <p class='ocr_par' dir='ltr' id='par_1_22' title="bbox 75 1500 1399 1547">
     <span class='ocr_line' id='line_1_30' title="bbox 75 1500 1399 1547; baseline 0 -13"><span class='ocrx_word' id='word_1_222' title='bbox 75 1500 114 1534; x_wconf 87' lang='lat' dir='ltr'><strong>C.</strong></span> <span class='ocrx_word' id='word_1_223' title='bbox 134 1503 187 1535; x_wconf 87' lang='lat'><strong>26.</strong></span> <span class='ocrx_word' id='word_1_224' title='bbox 237 1502 336 1541; x_wconf 76' lang='lat' dir='ltr'><strong>Quid</strong></span> <span class='ocrx_word' id='word_1_225' title='bbox 358 1504 467 1547; x_wconf 85' lang='lat' dir='ltr'><strong>petat</strong></span> <span class='ocrx_word' id='word_1_226' title='bbox 484 1512 506 1536; x_wconf 85' lang='lat' dir='ltr'><strong>a</strong></span> <span class='ocrx_word' id='word_1_227' title='bbox 522 1502 625 1542; x_wconf 89' lang='lat' dir='ltr'><strong>Deo,</strong></span> <span class='ocrx_word' id='word_1_228' title='bbox 659 1502 692 1535; x_wconf 87' lang='lat' dir='ltr'><strong>si</strong></span> <span class='ocrx_word' id='word_1_229' title='bbox 716 1501 793 1547; x_wconf 90' lang='lat' dir='ltr'><strong>ipsi</strong></span> <span class='ocrx_word' id='word_1_230' title='bbox 818 1502 1035 1545; x_wconf 81' lang='lat' dir='ltr'><strong>iniungatur</strong></span> <span class='ocrx_word' id='word_1_231' title='bbox 1054 1502 1247 1536; x_wconf 88' lang='lat' dir='ltr'><strong>Geneseos</strong></span> <span class='ocrx_word' id='word_1_232' title='bbox 1262 1503 1399 1536; x_wconf 87' lang='lat' dir='ltr'><strong>librum</strong></span> 
     </span>
    </p>
   </div>
   <div class='ocr_carea' id='block_1_3' title="bbox 74 1550 1398 1734">
    <p class='ocr_par' dir='ltr' id='par_1_23' title="bbox 74 1550 1398 1734">
     <span class='ocr_line' id='line_1_31' title="bbox 75 1550 1398 1651; baseline 0.001 -24"><span class='ocrx_word' id='word_1_233' title='bbox 75 1593 117 1627; x_wconf 91' lang='lat' dir='ltr'><strong>C.</strong></span> <span class='ocrx_word' id='word_1_234' title='bbox 135 1550 368 1651; x_wconf 46' lang='lat' dir='ltr'><strong>2‡·cr1(l÷{1;1e1;s</strong></span> <span class='ocrx_word' id='word_1_235' title='bbox 398 1594 549 1629; x_wconf 77' lang='lat' dir='ltr'><strong>(licendi</strong></span> <span class='ocrx_word' id='word_1_236' title='bbox 579 1594 620 1628; x_wconf 89' lang='lat' dir='ltr'><strong>in</strong></span> <span class='ocrx_word' id='word_1_237' title='bbox 644 1593 837 1629; x_wconf 79' lang='lat' dir='ltr'><strong>Geneseos</strong></span> <span class='ocrx_word' id='word_1_238' title='bbox 871 1593 969 1629; x_wconf 86' lang='lat' dir='ltr'><strong>libro</strong></span> <span class='ocrx_word' id='word_1_239' title='bbox 1003 1598 1062 1629; x_wconf 88' lang='lat' dir='ltr'><strong>est</strong></span> <span class='ocrx_word' id='word_1_240' title='bbox 1093 1594 1260 1640; x_wconf 80' lang='lat' dir='ltr'><strong>simplex</strong></span> <span class='ocrx_word' id='word_1_241' title='bbox 1291 1598 1330 1629; x_wconf 91' lang='lat' dir='ltr'><strong>et</strong></span> <span class='ocrx_word' id='word_1_242' title='bbox 1353 1594 1398 1628; x_wconf 85' lang='lat' dir='ltr'><strong>li-</strong></span> 
     </span>
     <span class='ocr_line' id='line_1_32' title="bbox 74 1643 1397 1734; baseline 0.001 -13"><span class='ocrx_word' id='word_1_243' title='bbox 74 1687 116 1722; x_wconf 86' lang='lat' dir='ltr'><strong>C.</strong></span> <span class='ocrx_word' id='word_1_244' title='bbox 133 1643 350 1724; x_wconf 47' lang='lat' dir='ltr'><strong>2gu1ss1anraie</strong></span> <span class='ocrx_word' id='word_1_245' title='bbox 372 1686 638 1732; x_wconf 83' lang='lat' dir='ltr'><strong>intelliguntur</strong></span> <span class='ocrx_word' id='word_1_246' title='bbox 659 1688 793 1723; x_wconf 69' lang='lat' dir='ltr'><strong>verbax</strong></span> <span class='ocrx_word' id='word_1_247' title='bbox 816 1687 860 1723; x_wconf 77' lang='lat' dir='ltr'><strong>in</strong></span> <span class='ocrx_word' id='word_1_248' title='bbox 876 1688 1097 1734; x_wconf 77' lang='lat' dir='ltr'><strong>principie,</strong></span> <span class='ocrx_word' id='word_1_249' title='bbox 1124 1693 1163 1724; x_wconf 90' lang='lat' dir='ltr'><strong>et</strong></span> <span class='ocrx_word' id='word_1_250' title='bbox 1189 1690 1338 1724; x_wconf 79' lang='lat' dir='ltr'><strong>coelum</strong></span> <span class='ocrx_word' id='word_1_251' title='bbox 1363 1694 1397 1722; x_wconf 79' lang='grc' dir='ltr'><strong>ει</strong></span> 
     </span>
    </p>
   </div>
   <div class='ocr_carea' id='block_1_4' title="bbox 74 1739 1399 2105">
    <p class='ocr_par' dir='ltr' id='par_1_24' title="bbox 166 1739 280 1769">
     <span class='ocr_line' id='line_1_33' title="bbox 166 1739 280 1769; baseline 0.009 -1"><span class='ocrx_word' id='word_1_252' title='bbox 166 1739 280 1769; x_wconf 83' lang='lat' dir='ltr'><strong>terra.</strong></span> 
     </span>
    </p>

    <p class='ocr_par' dir='ltr' id='par_1_25' title="bbox 75 1780 1241 1827">
     <span class='ocr_line' id='line_1_34' title="bbox 75 1780 1241 1827; baseline 0 -11"><span class='ocrx_word' id='word_1_253' title='bbox 75 1781 117 1816; x_wconf 89' lang='lat' dir='ltr'><strong>C.</strong></span> <span class='ocrx_word' id='word_1_254' title='bbox 137 1783 195 1816; x_wconf 87' lang='grc'><strong>29.</strong></span> <span class='ocrx_word' id='word_1_255' title='bbox 244 1783 303 1816; x_wconf 91' lang='lat' dir='ltr'><strong>De</strong></span> <span class='ocrx_word' id='word_1_256' title='bbox 322 1793 447 1816; x_wconf 87' lang='lat' dir='ltr'><strong>eorum</strong></span> <span class='ocrx_word' id='word_1_257' title='bbox 464 1782 653 1817; x_wconf 84' lang='lat' dir='ltr'><strong>sententia</strong></span> <span class='ocrx_word' id='word_1_258' title='bbox 671 1782 733 1826; x_wconf 88' lang='lat' dir='ltr'><strong>qui</strong></span> <span class='ocrx_word' id='word_1_259' title='bbox 752 1780 969 1826; x_wconf 83' lang='lat' dir='ltr'><strong>explicant:</strong></span> <span class='ocrx_word' id='word_1_260' title='bbox 996 1783 1117 1827; x_wconf 90' lang='lat' dir='ltr'><strong>primo</strong></span> <span class='ocrx_word' id='word_1_261' title='bbox 1137 1783 1241 1817; x_wconf 86' lang='lat' dir='ltr'><strong>fecit.</strong></span> 
     </span>
    </p>

    <p class='ocr_par' dir='ltr' id='par_1_26' title="bbox 75 1828 1398 1910">
     <span class='ocr_line' id='line_1_35' title="bbox 75 1828 1398 1872; baseline 0 -10"><span class='ocrx_word' id='word_1_262' title='bbox 75 1829 116 1862; x_wconf 89' lang='lat' dir='ltr'><strong>C.</strong></span> <span class='ocrx_word' id='word_1_263' title='bbox 135 1831 189 1862; x_wconf 88' lang='grc'><strong>30.</strong></span> <span class='ocrx_word' id='word_1_264' title='bbox 234 1828 280 1862; x_wconf 89' lang='lat' dir='ltr'><strong>In</strong></span> <span class='ocrx_word' id='word_1_265' title='bbox 311 1840 444 1871; x_wconf 79' lang='lat' dir='ltr'><strong>magna</strong></span> <span class='ocrx_word' id='word_1_266' title='bbox 475 1830 745 1863; x_wconf 85' lang='lat' dir='ltr'><strong>sententiarum</strong></span> <span class='ocrx_word' id='word_1_267' title='bbox 780 1829 998 1863; x_wconf 83' lang='lat' dir='ltr'><strong>diversitate</strong></span> <span class='ocrx_word' id='word_1_268' title='bbox 1024 1841 1150 1864; x_wconf 88' lang='lat' dir='ltr'><strong>omnes</strong></span> <span class='ocrx_word' id='word_1_269' title='bbox 1176 1831 1398 1872; x_wconf 81' lang='lat' dir='ltr'><strong>coniungere</strong></span> 
     </span>
     <span class='ocr_line' id='line_1_36' title="bbox 168 1875 1091 1910; baseline 0.002 -2"><span class='ocrx_word' id='word_1_270' title='bbox 168 1875 275 1908; x_wconf 89' lang='lat' dir='ltr'><strong>decet</strong></span> <span class='ocrx_word' id='word_1_271' title='bbox 292 1876 485 1909; x_wconf 84' lang='lat' dir='ltr'><strong>caritatem</strong></span> <span class='ocrx_word' id='word_1_272' title='bbox 503 1878 541 1910; x_wconf 87' lang='lat' dir='ltr'><strong>et</strong></span> <span class='ocrx_word' id='word_1_273' title='bbox 558 1876 721 1910; x_wconf 89' lang='lat' dir='ltr'><strong>studium</strong></span> <span class='ocrx_word' id='word_1_274' title='bbox 737 1876 911 1909; x_wconf 86' lang='lat' dir='ltr'><strong>veritatis</strong></span> <span class='ocrx_word' id='word_1_275' title='bbox 930 1877 1091 1910; x_wconf 85' lang='lat' dir='ltr'><strong>divinae.</strong></span> 
     </span>
    </p>

    <p class='ocr_par' dir='ltr' id='par_1_27' title="bbox 74 1921 1399 2014">
     <span class='ocr_line' id='line_1_37' title="bbox 74 1921 1399 1967; baseline 0 -12"><span class='ocrx_word' id='word_1_276' title='bbox 74 1921 115 1955; x_wconf 86' lang='lat' dir='ltr'><strong>C.</strong></span> <span class='ocrx_word' id='word_1_277' title='bbox 134 1924 189 1955; x_wconf 87' lang='lat'><strong>31.</strong></span> <span class='ocrx_word' id='word_1_278' title='bbox 238 1922 388 1963; x_wconf 88' lang='lat' dir='ltr'><strong>Moyses</strong></span> <span class='ocrx_word' id='word_1_279' title='bbox 413 1922 574 1956; x_wconf 84' lang='lat' dir='ltr'><strong>sensisse</strong></span> <span class='ocrx_word' id='word_1_280' title='bbox 592 1922 781 1966; x_wconf 80' lang='lat' dir='ltr'><strong>putandus</strong></span> <span class='ocrx_word' id='word_1_281' title='bbox 796 1926 855 1956; x_wconf 88' lang='lat' dir='ltr'><strong>est</strong></span> <span class='ocrx_word' id='word_1_282' title='bbox 872 1924 1053 1967; x_wconf 83' lang='lat' dir='ltr'><strong>quidquid</strong></span> <span class='ocrx_word' id='word_1_283' title='bbox 1070 1924 1150 1957; x_wconf 88' lang='lat' dir='ltr'><strong>veri</strong></span> <span class='ocrx_word' id='word_1_284' title='bbox 1164 1924 1204 1957; x_wconf 84' lang='lat' dir='ltr'><strong>in</strong></span> <span class='ocrx_word' id='word_1_285' title='bbox 1222 1924 1301 1957; x_wconf 88' lang='lat' dir='ltr'><strong>eius</strong></span> <span class='ocrx_word' id='word_1_286' title='bbox 1318 1935 1399 1956; x_wconf 87' lang='lat' dir='ltr'><strong>ver-</strong></span> 
     </span>
     <span class='ocr_line' id='line_1_38' title="bbox 167 1968 1373 2014; baseline 0.002 -13"><span class='ocrx_word' id='word_1_287' title='bbox 167 1969 225 2002; x_wconf 89' lang='lat' dir='ltr'><strong>bis</strong></span> <span class='ocrx_word' id='word_1_288' title='bbox 242 1968 402 2001; x_wconf 84' lang='lat' dir='ltr'><strong>inveniri</strong></span> <span class='ocrx_word' id='word_1_289' title='bbox 419 1971 557 2013; x_wconf 87' lang='lat' dir='ltr'><strong>potest.</strong></span> <span class='ocrx_word' id='word_1_290' title='bbox 1370 2010 1373 2014; x_wconf 32' lang='lat'><strong><em>¹</em></strong></span> 
     </span>
    </p>

    <p class='ocr_par' dir='ltr' id='par_1_28' title="bbox 77 2014 1397 2105">
     <span class='ocr_line' id='line_1_39' title="bbox 77 2014 1397 2059; baseline -0.002 -10"><span class='ocrx_word' id='word_1_291' title='bbox 77 2014 118 2049; x_wconf 89' lang='lat' dir='ltr'><strong>C.</strong></span> <span class='ocrx_word' id='word_1_292' title='bbox 136 2018 189 2050; x_wconf 87' lang='grc'><strong>32.</strong></span> <span class='ocrx_word' id='word_1_293' title='bbox 239 2014 404 2048; x_wconf 86' lang='lat' dir='ltr'><strong>Primum</strong></span> <span class='ocrx_word' id='word_1_294' title='bbox 440 2015 636 2059; x_wconf 74' lang='lat' dir='ltr'><strong>scriptoris</strong></span> <span class='ocrx_word' id='word_1_295' title='bbox 669 2026 799 2050; x_wconf 84' lang='lat' dir='ltr'><strong>sensus</strong></span> <span class='ocrx_word' id='word_1_296' title='bbox 830 2018 890 2050; x_wconf 85' lang='lat' dir='ltr'><strong>est</strong></span> <span class='ocrx_word' id='word_1_297' title='bbox 920 2016 1172 2059; x_wconf 84' lang='lat' dir='ltr'><strong>indagandus,</strong></span> <span class='ocrx_word' id='word_1_298' title='bbox 1209 2017 1342 2051; x_wconf 83' lang='lat' dir='ltr'><strong>deinde</strong></span> <span class='ocrx_word' id='word_1_299' title='bbox 1368 2015 1397 2048; x_wconf 75' lang='lat' dir='ltr'><strong>is</strong></span> 
     </span>
     <span class='ocr_line' id='line_1_40' title="bbox 166 2062 912 2105; baseline 0.003 -10"><span class='ocrx_word' id='word_1_300' title='bbox 166 2062 365 2101; x_wconf 83' lang='lat' dir='ltr'><strong>eruendus,</strong></span> <span class='ocrx_word' id='word_1_301' title='bbox 382 2072 488 2105; x_wconf 90' lang='lat' dir='ltr'><strong>quem</strong></span> <span class='ocrx_word' id='word_1_302' title='bbox 505 2062 645 2097; x_wconf 83' lang='lat' dir='ltr'><strong>veritas</strong></span> <span class='ocrx_word' id='word_1_303' title='bbox 664 2062 756 2096; x_wconf 82' lang='lat' dir='ltr'><strong>dicit</strong></span> <span class='ocrx_word' id='word_1_304' title='bbox 775 2063 912 2097; x_wconf 69' lang='lat' dir='ltr'><strong>divina„</strong></span> 
     </span>
    </p>
   </div>
   <div class='ocr_carea' id='block_1_5' title="bbox 296 2155 1174 2202">
    <p class='ocr_par' dir='ltr' id='par_1_29' title="bbox 296 2155 1174 2202">
     <span class='ocr_line' id='line_1_41' title="bbox 296 2155 1174 2202; baseline 0.005 -6"><span class='ocrx_word' id='word_1_305' title='bbox 296 2155 505 2199; x_wconf 88' lang='lat' dir='ltr'>LIBER</span> <span class='ocrx_word' id='word_1_306' title='bbox 532 2158 619 2199; x_wconf 82' lang='lat' dir='ltr'><strong>DE</strong></span> <span class='ocrx_word' id='word_1_307' title='bbox 632 2157 838 2202; x_wconf 82' lang='lat' dir='ltr'><strong>CIMUS</strong></span> <span class='ocrx_word' id='word_1_308' title='bbox 870 2159 1174 2200; x_wconf 88' lang='lat' dir='ltr'><strong>TERTIUS.</strong></span> 
     </span>
    </p>
   </div>
   <div class='ocr_carea' id='block_1_6' title="bbox 148 2221 1393 2272">
    <p class='ocr_par' dir='ltr' id='par_1_30' title="bbox 148 2221 1393 2272">
     <span class='ocr_line' id='line_1_42' title="bbox 148 2221 1393 2272; baseline 0.002 -18"><span class='ocrx_word' id='word_1_309' title='bbox 148 2221 218 2255; x_wconf 78' lang='lat' dir='ltr'><strong>nei</strong></span> <span class='ocrx_word' id='word_1_310' title='bbox 239 2223 415 2259; x_wconf 76' lang='lat' dir='ltr'><strong>bonitacs</strong></span> <span class='ocrx_word' id='word_1_311' title='bbox 440 2224 482 2259; x_wconf 74' lang='lat' dir='ltr'><strong>in</strong></span> <span class='ocrx_word' id='word_1_312' title='bbox 499 2235 625 2262; x_wconf 79' lang='lat' dir='ltr'><strong>rerum</strong></span> <span class='ocrx_word' id='word_1_313' title='bbox 638 2224 830 2260; x_wconf 82' lang='lat' dir='ltr'><strong>creatione</strong></span> <span class='ocrx_word' id='word_1_314' title='bbox 847 2226 1065 2272; x_wconf 75' lang='lat' dir='ltr'><strong>explanata</strong></span> <span class='ocrx_word' id='word_1_315' title='bbox 1083 2231 1119 2259; x_wconf 78' lang='lat' dir='ltr'><strong>et</strong></span> <span class='ocrx_word' id='word_1_316' title='bbox 1142 2223 1339 2258; x_wconf 72' lang='lat' dir='ltr'><strong>Trinitace</strong></span> <span class='ocrx_word' id='word_1_317' title='bbox 1357 2224 1393 2256; x_wconf 77' lang='lat'><strong>1&#39;11</strong></span> 
     </span>
    </p>
   </div>
  </div>
 </body>
</html>
