1473 2443
53 112 105 153 98
368 78 647 152 AURELII
676 108 1051 151 AUGUSTINI

53 197 162 246 lius,
188 195 269 236 sed
293 196 414 249 quod
440 208 496 236 ex
521 196 695 235 cunctis
723 195 854 234 fieret
873 208 1025 243 unum,
1051 198 1096 232 et
1112 192 1371 233 universum

52 253 335 306 singulorum
356 256 492 300 esset,
514 257 558 291 et
576 251 726 290 omnia
745 251 965 300 omnium3
997 262 1096 289 cum
1113 249 1372 289 videremur

54 308 185 348 nobis
220 319 322 347 esse
356 318 493 360 posse
527 307 684 347 decem
717 306 859 346 ferme
894 305 1099 345 homines
1132 305 1179 344 in
1212 305 1370 344 eadem

55 364 294 412 societate,
316 368 559 415 essentque
578 363 697 401 inter
714 375 797 402 nos
817 362 1111 415 praedivites,
1131 361 1370 401 Romania-

56 433 136 458 nus
161 419 354 458 maxime
375 419 711 470 communiceps
730 424 907 467 noster,
935 429 1066 470 quem
1085 422 1190 456 tunc
1209 428 1372 470 graves

56 480 208 514 aestus
247 475 539 528 negotiorum
579 486 763 513 suorum
779 474 832 513 ad
869 475 1132 513 comitatum
1166 473 1373 513 adtraxe-

56 536 176 579 rant,
212 530 266 570 ab
299 531 484 569 ineunte
519 535 668 570 aetate
704 528 814 569 mihi
848 529 1258 578 familiarissimus3
1299 529 1376 582 qui

56 587 250 626 maxime
283 586 485 625 instabat
515 584 620 625 huic
642 586 730 635 rei,
767 593 812 625 et
835 598 1045 637 magnam
1068 585 1114 623 in
1140 584 1374 624 suadendo

59 641 256 682 habebat
279 642 620 691 auctoritatem,
647 641 769 693 quod
793 642 941 693 ampla
963 653 1037 680 res
1065 641 1161 680 cius
1186 640 1376 680 multum

59 697 254 737 caeteris
273 698 488 737 anteibat.
548 698 607 736 Et
622 698 857 750 placuerat
874 696 1026 745 nobis,
1045 701 1094 735 ut
1111 697 1206 736 bini
1224 697 1375 746 annui,

58 760 286 806 tamquam
318 754 634 805 magistratus,
674 754 825 792 onmia
855 752 1117 792 necessaria
1149 757 1375 802 curarent,

62 809 256 849 caeteris
283 810 464 861 quietis.
527 808 614 849 Sed
641 815 803 862 postea
828 821 960 862 quam
987 808 1139 861 coepit
1163 808 1375 860 cogitari,

61 871 209 904 utrum
228 863 313 904 hoc
330 865 628 904 mulierculae
649 866 863 913 sinerent,
884 877 994 917 quas
1015 870 1060 903 et
1078 864 1155 903 alii
1173 869 1379 903 nostrum

60 922 148 960 iam
167 919 413 970 habebant,
440 926 485 960 et
503 933 585 960 nos
606 919 772 960 habere
792 921 1077 968 volebamus,
1102 926 1248 959 totum
1265 919 1381 958 illud

60 977 295 1030 placitum,
322 976 443 1029 quod
465 977 580 1016 bene
605 976 935 1025 formabamus,
960 976 1160 1015 dissiluit
1177 976 1223 1014 in
1241 976 1380 1014 mani-

61 1033 144 1072 bus
161 1037 295 1085 atque
311 1031 592 1071 confractum
613 1038 657 1072 et
675 1033 900 1071 abiectum
921 1037 1002 1071 est.
1036 1031 1142 1070 Inde
1163 1032 1219 1071 ad
1237 1031 1380 1083 suspi-

60 1089 129 1128 ria
155 1093 200 1127 et
225 1089 446 1141 gemitus,
474 1094 519 1127 et
545 1101 731 1141 gressus
757 1088 812 1126 ad
832 1087 1086 1140 sequendas
1106 1086 1221 1126 latas
1242 1093 1287 1126 et
1303 1087 1380 1126 tri-

61 1152 129 1184 tas
158 1156 252 1183 vlas
278 1144 471 1193 saeculi,
500 1145 711 1197 quoniam
739 1143 905 1182 multae
926 1143 1233 1195 cogitationes
1254 1148 1383 1182 erant

64 1201 105 1239 in
135 1199 272 1239 corde
289 1206 463 1239 nostro.
528 1199 764 1239 Consilium
785 1206 928 1238 antem
949 1206 1066 1238 tuum
1086 1205 1233 1236 manet
1249 1197 1292 1236 in
1311 1211 1380 1236 ae-

63 1264 248 1295 ternam.
270 1255 365 1304 (Ps.
385 1255 451 1304 33,
474 1257 558 1305 ll.)
620 1256 687 1295 Ex
710 1267 797 1308 quo
824 1254 1016 1294 consilio
1045 1254 1285 1294 deridebas
1305 1265 1382 1292 no-

63 1317 176 1360 stra,
206 1317 251 1351 et
273 1316 352 1350 tua
370 1311 696 1363 praeparabas,
720 1311 851 1350 nobis
872 1310 1056 1349 daturus
1078 1322 1226 1348 escam
1242 1310 1286 1348 in
1307 1321 1382 1360 op-

63 1367 363 1420 portunitate,
391 1373 436 1406 et
454 1375 692 1419 aperturus
710 1379 890 1405 manum
909 1372 1051 1415 tuam,
1072 1371 1206 1418 atque
1226 1364 1382 1417 imple-

63 1430 189 1463 turus
215 1423 385 1462 animas
410 1429 589 1462 nostras
608 1422 944 1462 benedictione.

150 1479 196 1517 C.
222 1477 320 1518 XV.
382 1479 562 1518 interea
596 1484 784 1531 peccata
816 1490 917 1517 mea
948 1476 1381 1529 nuiltiplicabantur,

66 1541 111 1574 et
136 1534 293 1574 avulsa
313 1547 339 1573 a
356 1534 499 1573 latere
518 1547 620 1574 meo
641 1540 868 1586 tamquam
886 1533 1207 1586 impedimento
1230 1532 1383 1570 coniu-

66 1591 144 1643 gii,
172 1603 270 1629 cum
299 1603 387 1642 qua
411 1591 575 1630 cubare
608 1591 770 1630 solitus
798 1601 940 1637 eram,
967 1601 1045 1629 cor
1067 1588 1143 1627 ubi
1169 1586 1383 1626 adhaere-

66 1646 160 1695 bat,
193 1647 425 1685 concisum
451 1652 496 1686 et
520 1646 803 1685 vulneratum
828 1643 936 1683 mihi
965 1648 1081 1692 erat,
1108 1648 1152 1682 et
1177 1641 1385 1681 trahebat

65 1702 349 1754 sauguinem.
408 1701 466 1741 Et
483 1702 563 1741 illa
580 1702 627 1740 in
644 1700 842 1740 Africam
860 1699 1074 1746 redierat,
1095 1710 1263 1737 vorens
1283 1698 1382 1745 tibi,

67 1757 202 1795 alium
229 1769 277 1795 se
302 1757 448 1796 virum
465 1757 760 1804 nescituram,
786 1755 949 1794 relicto
966 1754 1083 1807 apud
1099 1766 1169 1793 me
1188 1753 1385 1792 naturali

68 1824 123 1852 ex
142 1812 222 1851 illa
242 1812 336 1851 filio
355 1825 472 1852 meo.
533 1813 589 1852 At
607 1824 692 1865 ego
711 1810 896 1859 infelix,
922 1822 1004 1849 nec
1023 1809 1219 1849 feminae
1238 1810 1385 1848 imita-

68 1875 160 1917 tor;
195 1867 428 1907 dilationis
461 1868 723 1921 impatiens,
761 1872 990 1919 tamquam
1020 1872 1126 1918 post
1154 1865 1385 1904 biennium

69 1928 339 1975 accepturus
375 1936 494 1972 eam,
530 1936 662 1976 quam
695 1923 926 1975 petebam,
963 1923 1067 1975 quia
1100 1934 1190 1961 non
1210 1927 1386 1960 amator

69 1979 292 2032 coniugii,
312 1979 396 2017 sed
413 1980 616 2019 libidinis
636 1991 792 2018 servus
813 1990 955 2027 eram,
975 1977 1216 2030 procuravi
1234 1976 1383 2025 aliam,

69 2048 159 2075 non
176 2035 331 2087 utique
352 2037 590 2088 coniugem
603 2065 612 2083 ‚
640 2047 726 2087 quo
745 2039 972 2086 tamquam
991 2037 1323 2073 sustentaretur
1342 2036 1387 2071 et

68 2091 394 2145 perduceretur
417 2092 491 2131 vel
512 2093 691 2143 integer
717 2090 789 2129 rel
813 2090 990 2129 auctior
1007 2089 1190 2128 morbus
1210 2088 1386 2126 animae

70 2159 197 2187 meae
222 2145 443 2187 satellitio
463 2146 751 2200 perdurantis
772 2145 1114 2185 consuetudinis
1133 2144 1179 2183 in
1196 2156 1386 2196 regnum

69 2204 292 2243 uxorium.
351 2203 447 2244 Nec
480 2202 724 2243 sanabatur
748 2202 907 2243 vulnus
933 2201 1045 2242 illud
1063 2212 1230 2252 meum,
1266 2199 1383 2253 quod
