1514 2438
471 125 962 171 ARGUMENTUM.
1269 144 1377 174 xvu

55 208 98 243 C.
116 212 173 244 28.
220 209 278 244 De
296 209 446 244 miseria
461 210 560 245 vitae
578 209 772 247 humanae.

53 256 96 290 C.
113 258 171 290 29.
219 256 321 291 Tota
337 268 425 301 spes
438 258 477 290 in
494 259 752 293 misericordia
770 259 855 294 Dei.

53 302 96 336 C.
114 306 172 338 30.
223 303 282 337 De
298 306 488 348 perversis
505 305 730 339 somniorum
747 306 985 348 imaginibus,
1005 317 1094 351 quas
1110 310 1209 353 petit
1226 309 1381 344 auferri.

56 349 98 384 C.
116 352 173 384 31.
225 350 284 384 De
311 351 585 385 tentationibus
609 353 934 396 concupiscentiae
953 355 1076 388 carnis
1093 354 1285 390 locuturus
1301 358 1381 400 pri-

149 407 246 430 mum
265 397 311 431 de
328 399 537 442 cupiditate
556 398 693 432 edendi
711 402 749 433 et
765 399 920 433 bibendi
939 402 1120 443 queritur.

54 441 97 476 C.
117 447 173 478 32.
221 444 280 478 De
296 443 491 479 illecebris
510 445 664 479 odorum
680 444 831 479 facilius
849 448 1082 489 superandis.

54 489 97 523 C.
115 493 172 524 33.
220 490 376 525 Aurium
401 490 617 535 voluptates
641 493 852 536 superavit,
880 495 1047 536 quamvis
1063 496 1102 529 in
1120 493 1283 530 ecclesia
1298 506 1383 530 sae-

145 537 230 580 pius
247 541 369 578 cantu,
386 548 459 572 non
474 549 515 573 re
532 542 682 573 cantata
699 537 920 574 oblectatus.

54 581 97 617 C.
115 586 171 618 34.
222 584 281 619 De
305 584 494 620 oculorum
516 584 709 621 illecebris
732 585 1085 631 periculosissimis5
1111 594 1270 635 propter
1293 588 1378 634 pul-

145 629 253 665 chras
270 631 409 667 formas
426 632 531 667 Deus
549 635 696 667 creator
710 631 933 668 laudandus.

54 676 96 711 C.
112 680 169 712 35.
219 677 391 713 Alterum
407 679 630 715 tentationis
646 690 763 723 genus
779 680 1023 723 curiositatis,
1042 681 1230 717 oculorum
1249 695 1380 719 concu-

141 724 328 769 piscentia
345 731 481 761 motae.

52 770 94 805 C.
114 773 171 806 36.
220 771 393 807 Tertium
411 774 625 817 superbiae,
643 785 718 808 non
736 774 831 815 Deo,
850 774 917 809 sed
933 773 1146 810 hominibus
1163 775 1362 820 placentis.

51 817 94 852 C.
114 819 171 852 37.
218 819 354 854 Amore
371 819 496 855 laudis
512 820 752 856 vehementer
766 822 945 856 incitatus
963 825 1034 858 est.

53 863 96 900 C.
114 868 173 900 38.
218 866 350 901 Vanae
368 866 508 909 gloriae
523 878 701 901 summum
716 867 936 912 periculum.

52 910 94 945 C.
113 913 172 946 39.
220 913 280 947 De
296 914 390 948 vitio
408 926 545 954 eorum,
565 915 627 958 qui
644 915 717 949 sibi
738 914 935 959 placentes
953 917 1035 951 Deo
1054 916 1271 962 displicent.

49 957 91 991 C.
108 961 167 994 40.
215 958 327 993 Solus
344 961 488 995 animae
506 963 610 995 tutus
625 959 731 995 locus
746 962 786 995 in
804 962 885 996 Deo
901 964 1159 1007 reperiendus.

49 1004 91 1039 C.
107 1007 166 1040 41.
218 1005 387 1050 Triplici
405 1007 615 1052 cupiditate
631 1008 733 1042 victa
750 1008 797 1042 ad
816 1007 972 1043 salutem
990 1012 1175 1054 pervenit.

48 1051 92 1086 C.
108 1054 168 1087 42.
216 1054 297 1093 Qua
313 1054 459 1089 ratione
476 1053 586 1089 multi
603 1055 857 1099 quaesiverint
874 1057 1125 1092 mediatorem.

49 1098 93 1133 C.
109 1100 169 1134 4³.
214 1098 322 1134 Iesus
341 1100 536 1143 Christus,
559 1101 661 1137 idem
680 1102 784 1136 Deus
801 1104 840 1136 et
857 1102 984 1145 homo,
1001 1115 1120 1139 verax
1138 1107 1176 1139 et
1192 1105 1378 1141 efficacis-

139 1146 256 1182 simus
271 1148 470 1183 mediator.

387 1231 593 1274 LIBER
619 1231 975 1276 UNDECIMU
986 1233 1032 1276 S.

120 1299 409 1347 confessionum
423 1313 577 1337 suarum
595 1301 753 1338 consilio
773 1303 946 1347 exposito
963 1303 1076 1338 aDeo
1091 1303 1197 1349 petit
1211 1306 1376 1350 scriptu-

45 1358 113 1382 rae
134 1359 270 1383 sacrae
292 1348 604 1393 intelligentiam,
631 1354 672 1384 et
698 1348 842 1394 incipit
858 1350 1113 1396 interpretari
1124 1352 1240 1386 verba
1258 1352 1378 1387 Gene-

45 1404 127 1429 seos
145 1398 178 1436 1,
201 1399 230 1428 1.
256 1397 300 1430 de
322 1394 454 1430 mundi
482 1396 686 1431 creatione.
735 1395 932 1440 Refutata
960 1406 1049 1430 vero
1077 1398 1299 1442 quaestione
1324 1404 1376 1433 te-

43 1451 144 1476 mere
174 1440 488 1486 disceptantium.-
513 1442 609 1489 quid
639 1442 740 1478 Deus
760 1441 908 1487 fecerit
941 1447 1029 1477 ante
1060 1455 1172 1489 quam
1202 1448 1380 1480 mundum

45 1492 211 1529 crearet,
245 1493 290 1523 ut
312 1488 547 1524 adversarios
570 1488 700 1524 melius
724 1488 892 1530 evincat,
919 1490 1117 1536 copiosam
1139 1492 1184 1526 de
1209 1495 1379 1539 tempore

45 1532 348 1581 disputationem
365 1534 486 1571 addit.
536 1536 645 1582 (Pag.
664 1535 894 1580 206—230.)

42 1581 84 1617 C.
105 1586 136 1616 1.
187 1581 439 1637 Confessione
462 1580 545 1617 vult
562 1583 731 1618 excitare
748 1583 789 1617 in
806 1583 929 1618 Deum
946 1583 1124 1619 affectum
1141 1596 1249 1620 suum
1265 1588 1304 1620 et
1320 1584 1377 1621 le-

45 1673 87 1710 C.
104 1631 324 1710 zgeztnffdo
347 1676 468 1721 petit,
493 1677 537 1710 ut
559 1686 632 1721 per
654 1676 865 1722 scripturas
888 1688 1015 1712 sacras
1030 1677 1077 1713 ad
1096 1679 1292 1714 veritatem
1308 1679 1375 1715 du-

42 1767 87 1804 C.
105 1724 331 1849 atatlffssipit
359 1769 405 1804 (le
429 1770 620 1805 creatione
646 1771 793 1812 mnndi,
817 1772 929 1806 textu
947 1771 1136 1807 Hebraico
1164 1784 1237 1808 non
1260 1771 1374 1809 intel-

41 1860 84 1896 C.
102 1864 134 1896 4.
153 1817 361 1898 ec(tl‘l’amant
379 1861 524 1898 coelum
539 1866 578 1898 et
593 1866 706 1905 terra,
726 1864 824 1909 quod
841 1876 863 1899 a
879 1865 961 1899 Deo
980 1865 1057 1899 sint
1074 1869 1232 1901 creatae.

42 1907 86 1942 C.
105 1911 140 1943 5.
189 1909 296 1944 Deus
322 1911 499 1945 mundum
523 1913 666 1946 creavit
688 1922 763 1946 non
789 1922 839 1947 ex
862 1913 1022 1962 materia
1041 1913 1219 1957 quadam,
1246 1914 1312 1948 sed
1336 1914 1376 1949 in

42 2001 85 2037 C.
102 1956 407 2039 GYelssgeffltlaei’men
423 2003 537 2038 verbo
555 2007 713 2039 sonante
731 2007 770 2040 et
787 2008 1052 2049 praetereunte
1070 2006 1176 2041 fecit.

42 2048 87 2084 C.
102 2051 138 2084 Ἰ.
192 2050 320 2085 Verbo
339 2053 536 2085 coaeterno
554 2051 648 2086 dicit
663 2052 829 2096 fiuntque
848 2053 983 2086 omnia.

43 2094 74 2130 C
105 2100 140 2132 8.
184 2096 232 2132 Id
248 2098 373 2142 ipsum
388 2098 555 2132 Verbum
574 2101 633 2132 est
649 2099 878 2144 principium
897 2100 1079 2140 omnium,
1105 2110 1174 2145 quo
1196 2100 1374 2135 docemur

134 2144 332 2179 veritatem
349 2142 615 2188 evangelicam.

45 2188 88 2224 C.
106 2192 140 2225 9.
191 2191 274 2226 Hoc
287 2192 454 2232 verbum,
473 2192 663 2236 sapientia
679 2194 718 2226 et
733 2193 886 2233 veritas,
904 2194 1107 2228 miseretur
1123 2192 1344 2227 infelicium.

46 2235 86 2270 C.
106 2239 162 2271 1⁰.
211 2236 426 2273 Temeritas
442 2249 590 2279 eorum,
609 2239 672 2284 qui
690 2242 885 2283 quaerunt,
906 2240 995 2284 quid
1013 2241 1117 2275 Deus
1133 2240 1268 2275 fecerit
1284 2242 1370 2274 ante
