1473 2443
98 90 177 128 212
415 85 683 127 AURELII
713 86 1078 128 AUGUSTIM

98 171 304 223 (Iohann.
324 171 362 222 8,
383 171 470 222 25.)
532 171 607 212 Sic
630 171 678 211 in
697 171 935 226 evangelio
955 185 1035 226 per
1054 185 1235 213 carnem
1255 171 1339 222 ait,
1367 177 1412 212 et

96 228 185 269 hoc
207 229 410 268 insonuit
431 226 545 268 foris
573 227 757 268 auribus
782 226 1033 280 hominum,
1057 234 1107 269 ut
1131 229 1410 278 crederetur,

99 290 144 325 et
160 285 282 324 intus
301 289 610 337 quaereretur,
626 289 672 324 et
686 285 965 325 inveniretur
981 286 1028 324 in
1046 290 1234 325 aeterna
1249 285 1413 325 verita-

97 346 142 380 te
156 370 167 390 ,
185 340 264 380 ubi
282 350 437 380 omnes
459 339 710 393 discipulos
727 340 872 380 bonus
892 346 937 381 et
954 341 1078 381 solus
1096 342 1318 395 magister
1337 340 1414 380 do·

100 401 185 436 cet.
244 395 312 435 lbi
337 395 471 436 audio
492 407 652 436 vocem
668 401 815 446 tuam,
833 395 1050 446 Domine,
1077 397 1270 437 dicentis
1288 395 1414 446 mihi,

100 452 313 506 quoniam
325 452 404 492 ille
419 452 622 506 loquitur
635 451 782 502 nobis,
801 454 877 505 qui
890 452 1025 493 docet
1038 465 1136 493 nos.
1164 453 1252 501 Qui
1266 458 1417 493 autem

99 520 190 547 non
207 507 343 547 docet
360 519 465 558 nos,
491 510 628 548 etiam
645 509 685 549 si
701 507 917 561 loquitur,
938 521 1025 548 non
1045 509 1176 549 nobis
1196 509 1412 563 loquitur.

104 563 214 612 Quis
239 576 376 617 porro
402 576 485 604 nos
513 564 670 614 docet,
710 564 798 604 nisi
823 564 1001 604 stabilis
1026 565 1217 615 veritas,
1242 566 1349 618 quia
1373 568 1419 604 et

102 632 181 673 per
206 624 461 659 creaturam
481 619 746 660 mutabilem
770 632 869 660 cum
893 621 1206 671 admonemur,
1229 621 1287 660 ad
1302 621 1419 660 veri-

101 680 240 715 tatem
263 675 474 716 stabilem
493 675 721 717 ducimurC‘
750 676 817 716 lbi
834 688 940 716 vere
961 677 1190 726 discimus,
1211 690 1311 717 cum
1329 681 1418 717 sta-

102 744 200 771 mus
236 736 281 771 et
303 731 509 772 audimus
544 744 667 782 eum,
701 737 746 772 et
771 732 937 785 gaudio
962 733 1209 786 gaudemus
1232 737 1420 786 propter

102 799 263 827 vocem
296 788 471 839 sponsi,
505 788 751 828 reddentes
784 800 867 828 nos
893 789 1009 828 unde
1034 801 1200 829 sumus.
1232 788 1290 828 Et
1310 788 1418 829 ideo

102 843 386 896 principium,
401 845 506 897 quia
516 844 604 884 nisi
614 848 833 893 maneret,
847 857 946 884 cum
964 856 1232 894 erraremus,
1244 855 1336 883 non
1351 854 1419 883 es-

104 902 175 938 set
190 910 276 951 quo
291 899 558 940 rediremus.
579 899 689 939 Cum
704 904 853 939 autem
869 900 1069 940 redimus
1086 900 1140 940 ab
1156 911 1327 949 errore,
1347 911 1420 939 co-

103 954 368 1007 gnoscendo
386 956 543 1008 utique
560 955 775 995 redimus.
828 956 887 995 Ut
904 962 1054 996 autem
1073 968 1420 1010 cognoscamus,

106 1011 245 1050 docet
260 1023 359 1061 nos,
380 1012 486 1064 quia
502 1011 775 1064 principium
794 1014 864 1051 est
882 1017 927 1050 et
943 1012 1145 1065 loquitur
1160 1011 1308 1052 nobis.

191 1066 238 1106 C.
262 1065 340 1106 IX.
400 1066 450 1106 ln
468 1065 555 1106 hoc
572 1067 813 1119 principio,
831 1066 956 1107 Deus
971 1097 981 1117 ,
1004 1067 1161 1107 fecisti
1178 1067 1358 1107 coelum
1376 1070 1423 1105 et

103 1127 296 1171 terram,
319 1123 366 1162 in
390 1121 545 1162 Verbo
568 1127 671 1171 tuo,
696 1125 743 1162 in
766 1122 860 1161 filio
879 1127 980 1172 tuo,
1004 1123 1050 1162 in
1068 1124 1234 1162 virtute
1252 1127 1351 1172 tua,
1374 1124 1422 1162 in

108 1178 333 1229 sapientia
357 1183 455 1228 tua,
481 1178 528 1217 in
549 1178 743 1218 veritate
761 1182 857 1228 tua,
881 1179 995 1218 miro
1014 1178 1150 1218 modo
1172 1178 1327 1218 dicens
1341 1208 1352 1227 ,
1377 1182 1424 1217 et

107 1234 223 1272 miro
277 1234 415 1273 modo
468 1232 657 1274 faciens.
719 1233 829 1282 Quis
879 1233 1263 1286 comprehendet&
1310 1233 1421 1282 Quis

109 1288 363 1329 enarrabit?
395 1289 515 1338 Quid
539 1294 609 1329 est
629 1289 763 1339 illud,
799 1289 920 1343 quod
942 1290 1187 1330 interlucet
1211 1288 1342 1339 mihi,
1377 1293 1423 1328 et

104 1345 305 1399 percutit
329 1357 409 1384 cor
432 1357 581 1385 meum
606 1346 703 1385 sine
727 1345 955 1396 laesione,
991 1351 1036 1386 et
1059 1344 1353 1394 inhorresco,
1378 1349 1425 1384 et

104 1400 374 1440 inardesco2
404 1399 752 1451 Inhorresco,
778 1402 830 1440 in
855 1407 1103 1454 quantum
1127 1400 1422 1442 dissimilis

106 1457 155 1495 ei
207 1469 337 1507 sum3
384 1457 694 1508 inardesco,
746 1458 800 1496 in
847 1463 1097 1510 quantum
1136 1457 1332 1497 similis
1372 1456 1422 1495 ei

107 1525 229 1551 sum.
293 1512 546 1566 Sapientia,
573 1513 797 1566 sapientia
812 1513 913 1566 ipsa
931 1518 1021 1563 est,
1041 1525 1155 1566 quae
1175 1512 1424 1553 interlucet

106 1567 242 1617 mihi,
278 1568 536 1608 discindens
571 1569 774 1608 nubilum
806 1581 974 1618 meum,
1012 1569 1134 1622 quod
1165 1581 1236 1608 me
1264 1581 1421 1607 rursus

106 1623 336 1676 cooperit,
371 1623 657 1664 deficientem
682 1625 736 1664 ab
762 1636 834 1674 ea,
871 1625 1068 1678 caligine
1092 1629 1229 1677 atque
1252 1634 1421 1677 aggere

104 1690 354 1732 poenarum
386 1692 608 1730 mearum3
642 1680 855 1732 quoniam
888 1681 953 1720 sic
984 1680 1238 1720 infirmatus
1274 1684 1344 1718 est
1374 1679 1423 1717 in

108 1739 313 1788 egestate
338 1735 470 1788 vigor
495 1748 642 1785 meus,
666 1741 821 1775 utnon
839 1734 1055 1775 sufferam
1072 1734 1239 1775 bonum
1256 1747 1420 1784 meum,

108 1790 254 1829 donec
277 1795 342 1838 tu,
365 1790 582 1840 Domine,
618 1792 694 1844 qui
717 1791 940 1843 propitius
964 1790 1113 1831 factus
1139 1803 1186 1831 es
1214 1791 1420 1831 omnibus

105 1846 423 1898 iniquitatibus
459 1847 596 1895 meis,
640 1847 777 1887 etiam
813 1859 945 1887 sanes
986 1859 1141 1887 omnes
1174 1848 1420 1901 languores

106 1913 255 1951 meos3
290 1902 395 1954 quia
421 1907 466 1941 et
488 1903 684 1942 redimes
716 1902 771 1941 de
790 1903 1082 1956 corruptione
1105 1903 1243 1943 vitam
1259 1914 1421 1951 meam,

109 1962 155 1997 et
182 1957 422 1997 coronabis
451 1970 520 1997 me
545 1958 591 1997 in
612 1958 908 1998 miseratione
937 1964 982 1998 et
1006 1958 1344 2008 misericordia,
1381 1962 1426 1996 et

109 2013 298 2053 satiabis
315 2013 362 2052 in
377 2012 510 2053 bonis
529 2014 805 2053 desiderium
821 2026 989 2065 meum3
1009 2017 1220 2068 quoniam
1237 2020 1425 2053 renovaxa

108 2068 450 2109 bituriuventus
469 2082 584 2120 mea,
600 2069 717 2109 sicut
735 2070 927 2122 aquilae.
949 2070 1043 2120 (Ps.
1065 2070 1301 2120 103,3.ss.)
1336 2068 1424 2121 Spe

113 2125 231 2163 enim
257 2125 371 2164 salvi
393 2124 504 2165 facti
534 2139 706 2176 sumus3
741 2130 786 2164 et
809 2129 1036 2178 promissa
1057 2131 1134 2166 tua
1156 2138 1236 2179 per
1252 2126 1423 2178 patien-

112 2181 220 2219 tiam
254 2186 581 2234 exspectamus.
640 2181 806 2222 Audiat
828 2187 873 2222 te
898 2182 1019 2222 intus
1045 2182 1423 2222 sermocinantem
