1473 2443
98 122 177 162 180
410 119 687 160 AURELII
717 118 1097 161 AUGUSTINI

93 207 151 247 lis
177 209 222 246 et
241 204 600 258 inexplicabilis,
634 205 771 245 etiam
793 206 935 258 ipsam
957 205 1234 246 oblivionem
1255 207 1407 247 memi-

94 265 217 303 nisse
250 273 342 310 me,
378 264 529 300 certus
563 274 680 311 sum,
714 261 819 315 quia
848 261 896 301 id
928 261 1048 315 quod
1072 263 1408 303 meminerimus

96 319 317 359 obruitur.

179 373 226 413 C.
251 371 392 412 XVII.
450 371 620 425 Magna
639 372 707 412 vis
733 377 804 411 est
823 372 1089 422 memoriae,
1122 373 1279 413 nescio
1305 373 1411 425 quid

95 428 392 477 horrendum,
415 426 542 467 Deus
569 440 718 477 meus,
750 427 978 480 profunda
999 433 1044 468 et
1067 428 1245 468 infinita
1265 427 1413 468 multi-

95 485 296 539 plicitas3
329 488 376 524 et
408 482 495 523 hoc
530 483 703 523 animus
737 488 826 532 est,
861 487 907 523 et
938 482 1027 524 hoc
1059 495 1145 537 ego
1177 485 1275 537 ipse
1301 496 1412 523 sum.

99 540 219 590 Quid
242 552 351 592 ergo
376 552 493 588 sum,
517 537 642 579 Deus
665 538 816 579 meusC‘
847 539 973 587 Quae
996 544 1157 579 natura
1174 538 1295 579 sum‘}
1325 537 1410 579 Va-

97 599 187 645 ria,
206 595 477 635 multimoda
496 596 611 644 vita,
631 599 678 635 et
693 595 913 635 immensa
927 593 1233 635 vehementer.
1293 594 1413 634 Ecce

98 654 145 693 in
167 652 416 692 memoriae
441 662 569 690 meae
594 653 784 704 campis,
811 655 856 691 et
874 651 1036 700 antris,
1063 655 1109 691 et
1127 652 1332 691 cavernis
1352 650 1415 688 in-

98 707 458 749 numerabilibus
483 712 617 760 atque
641 706 1036 747 innumerabiliter
1052 707 1197 761 plenis
1214 706 1415 745 innume-

98 764 311 805 rabilium
335 775 485 802 rerum
511 762 778 815 generibus,
813 763 908 802 sive
931 774 1012 814 per
1032 763 1276 816 imagines,
1300 762 1416 801 sicut

102 821 300 860 omnium
334 831 593 870 corporum3
627 820 721 858 sive
745 830 825 872 per
847 819 1172 870 praesentiam,
1207 818 1326 857 sicut
1348 828 1415 856 ar-

98 877 233 926 tium3
266 876 360 914 sive
393 886 474 927 per
495 874 650 914 nescio
677 886 786 926 quas
810 874 1024 914 notiones
1046 873 1120 913 vel
1141 875 1416 920 notationes,

102 933 220 971 sicut
252 929 561 969 adfectionum
594 931 750 978 animi,
785 942 896 983 quas
931 934 976 969 et
1007 941 1107 970 cum
1129 930 1303 969 animus
1328 940 1417 967 non

98 988 290 1040 patitur,
312 986 533 1024 memoria
553 989 699 1034 tenet,
725 997 825 1024 cum
848 985 896 1024 in
918 985 1066 1024 animo
1094 986 1173 1034 sit,
1200 982 1419 1037 quidquid

103 1047 173 1083 est
203 1043 250 1081 in
280 1042 518 1080 memoria:
551 1052 632 1092 per
664 1038 777 1079 haec
803 1042 955 1079 omnia
979 1040 1185 1080 discurro
1206 1046 1252 1080 et
1272 1039 1416 1079 volito

101 1097 186 1137 hac
210 1101 344 1149 atque
368 1095 495 1146 illac;
527 1100 717 1148 penetro
743 1096 879 1135 etiam
904 1100 1119 1148 quantum
1142 1108 1348 1149 possum,
1374 1098 1420 1132 et

101 1154 204 1193 finis
223 1164 457 1206 nusquam.
518 1152 666 1191 Tanta
681 1151 749 1190 vis
769 1155 839 1190 est
856 1152 1103 1191 memoriae
1116 1181 1127 1200 ,
1152 1156 1280 1190 tanta
1296 1152 1416 1189 vitae

100 1210 171 1249 vis
212 1213 281 1247 est
312 1209 358 1247 in
391 1205 572 1246 homine
604 1207 785 1246 vivente
817 1206 1093 1246 mortaliter!
1128 1206 1247 1254 Quid
1278 1205 1420 1259 igitur

104 1277 253 1318 agam,
287 1268 339 1302 tu
371 1274 479 1301 vera
512 1274 613 1302 mea
642 1262 754 1311 vita,
779 1261 906 1301 Deus
939 1261 1092 1301 meus‘.t
1122 1261 1347 1301 'Transibo
1374 1265 1421 1299 et

105 1320 219 1360 banc
250 1320 341 1359 vim
372 1331 537 1367 meam,
572 1329 686 1372 quae
719 1317 940 1356 memoria
970 1322 1179 1365 vocatur,
1214 1317 1416 1356 transibo

103 1390 221 1425 eam,
246 1381 297 1416 ut
316 1374 583 1428 pertendam
607 1373 665 1414 ad
685 1378 752 1423 te,
779 1372 916 1413 dulce
936 1373 1100 1412 lumen.
1163 1372 1282 1420 Quid
1304 1371 1418 1411 dicis

100 1431 238 1473 mihiz
258 1432 378 1472 Ecce
399 1442 486 1485 ego
505 1430 786 1471 adscendens
805 1441 888 1482 per
905 1430 1099 1469 animum
1115 1440 1263 1468 meum
1281 1426 1335 1466 ad
1356 1431 1418 1476 te,

103 1489 179 1542 qui
193 1488 389 1540 desuper
404 1485 515 1527 mihi
532 1497 703 1536 manes,
715 1485 919 1525 transibo
940 1490 986 1524 et
1002 1484 1136 1524 istam
1153 1485 1241 1524 vim
1258 1495 1419 1532 meam,

103 1556 218 1597 quae
236 1545 455 1583 memoria
471 1546 674 1591 vocatur,
693 1541 851 1581 volens
869 1545 915 1580 te
936 1540 1189 1596 adtingere,
1207 1538 1326 1580 unde
1345 1538 1419 1578 ad-

101 1600 220 1653 tingi
235 1604 383 1653 potes,
403 1604 449 1638 et
463 1597 702 1638 inhaerere
720 1597 818 1645 tibi,
837 1595 955 1638 unde
970 1593 1201 1637 inhaereri
1221 1595 1305 1634 tibi
1322 1600 1420 1647 pot-

104 1660 187 1695 est.
247 1654 432 1694 Habent
469 1655 588 1693 enim
624 1653 889 1693 memoriam
928 1659 974 1692 et
1016 1664 1184 1704 pecora
1216 1657 1260 1690 et
1292 1662 1418 1697 aves3

104 1711 309 1763 alioquin
341 1723 431 1749 non
465 1709 634 1749 cubilia
667 1708 856 1749 nidosve
891 1712 1173 1760 repeterent,
1208 1718 1297 1745 non
1331 1706 1421 1744 alia

102 1766 257 1814 inulta,
277 1765 438 1817 quibus
458 1765 750 1814 adsuescunt3
783 1776 927 1816 neque
947 1763 1065 1802 enim
1085 1767 1129 1802 et
1147 1762 1418 1801 adsuescere

103 1822 309 1860 valerent
332 1821 437 1860 ullis
459 1820 616 1868 rebus,
641 1820 730 1859 nisi
752 1831 834 1871 per
855 1819 1134 1858 memoriam.
1193 1816 1417 1856 Transibo

105 1889 217 1930 ergo
247 1882 292 1915 et
315 1876 601 1924 memoriam,
630 1880 680 1914 ut
703 1874 931 1927 adtingam
953 1887 1073 1921 eum,
1099 1873 1173 1927 qui
1194 1873 1420 1925 separavit

103 1945 174 1972 me
193 1945 218 1971 a
230 1931 608 1985 quadrupedibus,
621 1935 667 1969 et
682 1930 944 1970 volatilibus
958 1930 1079 1969 coeli
1096 1928 1418 1982 sapientiorem

103 2000 177 2027 me
210 1986 335 2027 fecit.
396 1986 621 2026 Transibo
649 1990 694 2024 et
717 1985 994 2025 memoriam.
1055 1985 1113 2024 Et
1133 1985 1209 2024 ubi
1231 1989 1277 2023 te
1301 1985 1423 2023 inve-

106 2045 247 2092 niam,
271 2053 378 2082 vere
400 2041 521 2082 bona
541 2046 586 2081 et
609 2052 771 2081 secura
793 2040 1020 2081 suavitas?
1050 2041 1109 2081 Et
1131 2040 1207 2080 ubi
1230 2044 1276 2078 te
1301 2040 1422 2079 inve-

110 2097 259 2139 niamCt

194 2155 241 2195 C.
267 2152 426 2194 XVIII.
487 2152 536 2192 Si
567 2156 750 2207 praeter
772 2154 1205 2195 memoriammeam
1231 2155 1275 2190 te
1302 2151 1420 2189 inve-

110 2211 208 2260 nio,
238 2212 475 2250 immemor
493 2209 561 2249 tui
583 2221 693 2249 sum.
755 2208 812 2248 Et
834 2208 1062 2262 quomodo
1085 2208 1172 2247 iam
1196 2207 1418 2247 inveniam
