1514 2438
294 111 834 155 CONFESSIONUM
867 110 1074 152 LIBER
1104 110 1164 152 11.
1344 105 1397 149 25

149 201 194 240 C.
228 198 283 241 V.
342 198 524 240 Etenim
557 198 736 251 species
772 202 842 237 est
871 195 1074 250 pulchris
1109 194 1398 249 corporibus,

67 262 112 298 et
135 268 267 306 auro,
295 260 341 295 et
364 260 556 309 argento
570 285 580 304 ‚
609 259 655 294 et
674 254 905 304 omnibus3
940 253 1047 293 etin
1065 256 1283 294 contactu
1301 263 1397 291 car-

63 315 134 353 nis
168 312 468 366 congruentia
498 311 621 351 valet
642 309 904 363 plurimum,
939 309 1226 363 caeterisque
1254 306 1399 348 sensi-

65 369 148 410 bus
175 372 246 409 est
268 380 351 408 sua
376 368 539 421 cuique
563 365 913 407 adcommodata
929 365 1213 406 modificatio
1234 375 1398 416 corpo-

64 438 179 466 rum.
237 423 394 464 Habet
410 425 547 464 ctiam
565 420 714 463 honor
730 421 999 474 temporalis
1012 452 1023 472 ,
1043 427 1089 462 et
1105 418 1399 474 imperitandi

68 486 203 535 atque
236 479 484 534 superandi
517 478 725 533 potentia
756 491 888 518 suum
920 477 1083 528 decus,
1115 476 1237 518 unde
1263 476 1401 517 etiam

69 536 298 577 vindictae
333 536 527 576 aviditas
564 535 732 586 oritur3
766 539 813 574 et
843 538 996 574 tamen
1028 534 1074 574 in
1107 537 1271 574 cuncta
1286 530 1403 572 haec

69 592 369 646 adipiscenda
414 604 506 632 non
531 595 604 632 est
629 589 961 645 egrediendum
987 589 1067 630 abs
1093 594 1162 639 te,
1186 588 1403 638 Domine,

71 661 218 703 neque
238 648 511 689 deviandum
528 660 556 687 a
572 647 677 702 lege
695 652 788 687 tua.
845 646 903 686 Et
919 646 1028 696 vita,
1049 658 1182 699 quam
1200 644 1276 685 hic
1293 644 1404 685 vivi-

69 718 190 756 mus,
219 704 358 745 habet
381 703 650 745 illecebram
673 716 802 744 suam
828 706 1018 756 propter
1047 701 1288 756 quemdam
1309 712 1406 740 mo·

72 761 177 801 dum
204 760 385 802 decoris
408 760 503 811 sui,
529 765 576 800 et
601 759 967 800 convenientiam
985 771 1086 799 cum
1105 755 1175 798 his
1196 756 1406 798 omnibus

70 817 238 858 infimis
273 814 491 870 pulchris.
551 816 765 857 Amicitia
805 826 988 868 quoque
1026 812 1262 855 hominum
1298 824 1405 853 caro

71 873 194 914 nodo
229 873 376 914 dulcis
404 876 476 913 est
506 875 703 926 propter
725 872 946 912 unitatem
971 870 1027 911 de
1047 870 1204 911 multis
1228 869 1407 910 animis.

73 928 271 983 Propter
309 928 526 969 universa
556 926 674 968 haec
702 933 839 982 atque
873 925 1138 968 huiusmodi
1169 930 1410 979 peccatum

73 985 344 1035 admittitur,
360 984 465 1026 dum
481 984 786 1025 immoderata
802 984 849 1024 in
867 984 957 1024 ista
974 983 1291 1032 inclinatione,
1309 993 1412 1022 cum

74 1046 280 1082 extrema
295 1040 418 1081 bona
434 1040 545 1091 sint,
570 1039 767 1081 meliora
784 1045 831 1080 et
847 1052 1023 1080 summa
1040 1039 1336 1088 deseruntur,
1362 1043 1413 1078 tu

72 1097 271 1138 Domine
290 1096 418 1138 Deus
435 1104 618 1147 noster,
638 1101 685 1138 et
700 1096 871 1137 veritas
889 1101 988 1146 tua,
1010 1100 1056 1136 et
1072 1095 1148 1136 lex
1166 1100 1258 1136 tua.
1318 1093 1412 1134 Ha·

74 1153 185 1195 bent
210 1153 332 1194 enim
358 1157 406 1194 et
427 1151 542 1194 haec
563 1153 657 1194 ima
680 1153 1040 1202 delectationes,
1068 1152 1151 1193 scd
1175 1164 1268 1192 non
1293 1150 1414 1191 sicut

72 1209 200 1251 Deus
218 1222 370 1260 meus,
389 1209 466 1263 qui
489 1208 604 1250 fecit
635 1209 810 1259 omnia,
833 1209 941 1263 quia
956 1208 1003 1249 in
1025 1209 1127 1262 ipso
1156 1207 1416 1248 delectatur

71 1266 236 1317 iustus,
255 1271 302 1307 et
316 1266 417 1319 ipse
429 1270 501 1306 est
518 1265 713 1307 deliciae
731 1271 965 1307 rectorum
984 1264 1140 1305 eorde.
1202 1264 1314 1304 Cum
1331 1263 1416 1303 ita·

75 1334 162 1376 que
182 1322 238 1363 de
256 1321 465 1363 facinore
485 1322 744 1375 quaeritur,
765 1335 854 1375 qua
873 1333 1013 1362 causa
1029 1319 1203 1361 factum
1222 1320 1298 1369 sit,
1319 1330 1415 1359 cre-

74 1378 121 1419 di
145 1389 238 1419 non
263 1378 406 1429 solet,
430 1378 522 1418 nisi
536 1390 637 1418 cum
655 1377 886 1431 adpetitus
906 1376 1194 1430 adipiscendi
1220 1375 1415 1417 alicuius

72 1434 260 1475 illorum
275 1433 518 1484 bonorum,
538 1446 654 1487 quae
672 1433 828 1474 infima
847 1433 1064 1482 diximus,
1085 1443 1188 1472 esse
1206 1430 1416 1485 potuisse

76 1489 357 1543 adparuerit‚
378 1494 457 1530 aut
471 1495 619 1531 metus
637 1489 895 1530 amittendi.
956 1486 1156 1529 Pulchra
1172 1492 1278 1528 sunt
1295 1486 1417 1527 enim

77 1551 125 1587 et
141 1546 326 1597 decora,
346 1559 618 1601 quamquam
633 1558 741 1601 prae
757 1545 893 1586 bonis
912 1544 1229 1598 superioribus
1248 1548 1295 1584 et
1309 1543 1416 1583 bea-

75 1602 214 1643 tificis
245 1601 427 1643 abiecta
454 1608 500 1644 et
524 1602 739 1643 iacentia.
798 1601 1115 1643 Homicidium
1138 1599 1265 1641 fecit.
1327 1599 1418 1639 Cur

75 1658 218 1700 fecit‘}
245 1658 488 1699 Adamavit
516 1659 616 1700 eius
650 1658 895 1713 coniugem
927 1662 1007 1698 aut
1036 1656 1297 1711 praedium,
1341 1660 1421 1695 aut

75 1714 226 1755 voluit
242 1714 517 1769 depraedari
533 1714 653 1757 unde
672 1715 870 1765 viveret,
889 1718 968 1755 aut
982 1713 1137 1755 timuit
1150 1712 1205 1753 ab
1223 1712 1305 1753 illo
1324 1711 1417 1752 tale

77 1770 253 1825 aliquid
272 1772 484 1813 amittere
496 1802 508 1823 ‚
535 1776 615 1813 aut
633 1771 788 1812 laesus
806 1770 969 1812 ulcisci
986 1782 1036 1811 se
1053 1769 1241 1811 exarsit.
1300 1766 1420 1810 Num

79 1826 377 1869 homicidium
396 1828 494 1869 sine
525 1840 666 1869 causa
692 1827 872 1869 faceret
892 1827 994 1881 ipso
1018 1824 1271 1867 homicidio
1296 1824 1419 1865 dele·

82 1884 258 1926 ctatus‘!
290 1885 404 1935 Quis
437 1883 712 1926 crediderit'!
742 1882 860 1926 Nam
887 1888 935 1925 et
958 1882 1014 1924 de
1041 1895 1130 1937 quo
1150 1882 1322 1923 dictum
1349 1885 1422 1920 est

80 1941 273 1983 vecordi
290 1946 338 1983 et
355 1940 491 1982 nimis
512 1939 690 1982 crudeli
702 1939 909 1991 homine,
935 1938 1059 1994 quod
1082 1937 1318 1993 „gratuito
1342 1948 1425 1991 po·

80 1998 175 2039 tius
196 1998 346 2040 malus
372 2002 508 2052 atque
528 1996 730 2039 crudelis
750 1998 899 2047 erat,“
924 1995 1164 2050 praedicta
1181 1999 1252 2035 est
1269 1999 1421 2034 tamen

86 2066 240 2105 causa,
260 2066 349 2106 „ne
366 2066 450 2108 per
469 2054 628 2104 otium,
646 2053 817 2107 inquit,
843 2055 1134 2106 torpesceret
1156 2062 1317 2092 manus
1344 2052 1423 2089 aut

87 2110 314 2153 animus.“
333 2110 542 2163 (Sallust.
562 2109 697 2151 Catil.
719 2108 808 2162 16.)
856 2108 1008 2159 Quare
1033 2107 1081 2148 id
1097 2105 1306 2161 quoque'.l
1332 2104 1424 2144 Cur

83 2167 177 2209 ita‘ss
210 2166 272 2210 Ut
299 2167 483 2209 scilicet
510 2165 595 2208 illa
625 2165 960 2207 exercitatione
994 2164 1242 2212 scelerum,
1289 2165 1424 2213 capta

85 2223 224 2278 urbe,
255 2221 481 2277 honoreS,
515 2222 734 2279 imperia,
767 2220 953 2264 divitias
988 2220 1342 2274 adsequeretur,
1377 2221 1424 2257 et
