1514 2438
246 94 792 139 CONFESSIONUM
820 94 1028 136 LIBER
1059 92 1195 135 VIII.
1303 93 1381 134 135

58 185 213 235 color,
246 184 409 224 modus
442 181 591 231 vocis,
628 194 760 235 quam
792 180 934 222 verba
966 191 1081 234 quae
1103 179 1383 233 promebam.

54 241 279 282 Hortulus
299 239 482 294 quidam
501 242 599 278 erat
615 235 807 290 hospitii
823 237 991 286 nostri,
1017 247 1105 290 quo
1124 248 1208 276 nos
1226 236 1384 276 uteba-

54 311 154 338 mur
181 299 300 338 sicut
321 301 421 337 tota
450 296 606 345 domo;
638 306 741 334 nam
765 291 933 346 hospes
957 293 1024 332 ibi
1040 304 1131 332 non
1149 290 1387 332 habitabat

59 355 268 394 dominus
289 352 464 392 domus.
496 350 610 390 llluc
628 361 698 389 me
720 349 972 389 abstulerat
989 347 1210 388 tumultus
1228 354 1385 403 pecto-

54 412 134 459 ris,
150 410 228 449 ubi
244 420 376 449 nemo
392 407 637 461 impediret
652 405 887 445 ardentem
901 405 1044 455 litem,
1062 416 1195 459 quam
1207 416 1387 445 mecum

58 466 304 519 adgressus
332 476 475 513 eram,
511 463 658 503 donec
683 463 854 511 exiret,
884 473 971 514 qua
991 466 1043 501 tu
1067 460 1269 511 sciebas,
1296 472 1384 514 ego

58 529 209 561 autem
248 533 360 563 non:
399 519 481 560 sed
514 523 690 559 tantum
722 518 1007 559 insaniebam
1040 516 1305 567 salubriter,
1340 521 1388 557 et

56 577 287 618 moriebar
306 570 530 626 ritaliter,
555 587 723 629 gnarus
744 573 851 628 quid
868 574 977 614 mali
996 585 1163 624 essem,
1194 577 1240 614 et
1257 573 1384 627 igna-

56 646 133 673 rus
153 633 260 687 quid
278 633 388 673 boni
405 637 510 686 post
527 630 761 686 paululum
778 629 960 671 futurus
981 642 1143 670 essem.
1193 628 1386 670 Absces-

58 689 98 729 si
116 701 226 743 ergo
246 691 292 729 in
310 687 513 739 hortum,
534 692 579 728 et
594 687 784 741 Alypius
803 686 919 741 pede
937 690 1044 740 post
1059 685 1238 740 pedem.
1296 684 1386 728 Ne-

57 758 143 799 que
168 747 287 785 enim
311 750 541 786 secretum
565 756 714 784 meum
737 755 829 783 non
859 748 979 793 erat,
1006 741 1086 783 ubi
1110 742 1190 782 ille
1210 741 1386 782 aderat.

55 804 142 842 Aut
181 801 360 854 quando
388 813 461 841 me
500 800 566 840 sic
600 799 830 840 adfectum
865 798 1126 840 desereret'}
1158 797 1386 849 Sedimus‚

59 863 275 911 quantum
292 856 715 910 potuimus,remoti
730 855 784 895 ab
801 855 1012 896 aedibus:
1034 867 1120 909 ego
1136 853 1387 896 fremebam

59 914 222 967 spiritu
239 913 481 966 indignans
499 912 894 953 turbulentissima
910 911 1244 966 indignatione,
1265 910 1384 965 quod

58 982 149 1010 non
174 970 289 1008 irem
312 969 358 1008 in
382 969 598 1022 placitum
619 972 668 1008 et
685 968 872 1022 pactum
885 973 1060 1018 tecum,
1085 967 1212 1008 Deus
1241 979 1387 1017 meus,

57 1026 105 1065 in
132 1025 254 1079 quod
278 1025 474 1065 eundum
498 1036 599 1064 esse
620 1026 772 1065 omnia
791 1037 897 1064 ossa
914 1036 1017 1064 mea
1035 1023 1309 1073 clamabant,
1339 1029 1386 1063 et

55 1083 103 1123 in
120 1081 299 1122 coelum
313 1080 540 1121 tollebant
552 1081 778 1130 laudibus,
797 1085 843 1121 et
859 1093 950 1121 non
963 1080 1076 1121 illuc
1092 1080 1245 1121 ibatur
1261 1079 1385 1120 navi-

55 1137 157 1188 bus,
186 1142 263 1177 aut
282 1137 539 1191 quadrigis,
567 1141 644 1177 aut
665 1136 882 1190 pedibus,
912 1141 1128 1191 quantum
1146 1136 1309 1177 saltem
1327 1135 1383 1175 de

59 1194 192 1234 domo
213 1194 258 1233 in
277 1205 379 1233 eum
395 1193 548 1234 locum
565 1193 728 1244 ieram,
746 1193 825 1234 ubi
844 1193 1129 1234 sedebamus.
1161 1191 1277 1233 Nam
1292 1204 1385 1232 non

58 1250 206 1290 solum
237 1250 326 1300 ire,
358 1262 514 1289 verum
549 1249 686 1290 etiam
716 1250 955 1303 pervenire
980 1249 1113 1299 illuc,
1146 1247 1262 1289 nihil
1286 1255 1386 1288 erat

58 1306 202 1356 aliud,
238 1318 371 1359 quam
392 1305 511 1345 velle
534 1307 624 1355 ire,
660 1307 741 1346 sed
765 1306 884 1346 velle
909 1305 1095 1347 fortiter
1120 1309 1165 1344 et
1186 1306 1384 1358 integre,

57 1374 149 1401 non
166 1362 483 1402 semisauciam
498 1360 583 1401 hac
599 1366 732 1414 atque
748 1360 833 1401 hac
850 1373 1035 1402 versare
1055 1366 1101 1401 et
1116 1360 1290 1400 iactare
1308 1372 1386 1401 vo-

58 1417 298 1467 luntatem,
332 1422 461 1472 parte
495 1417 773 1471 adsurgentc
800 1430 900 1457 cum
923 1418 1015 1458 alia
1037 1422 1166 1471 parte
1192 1415 1385 1456 cadente

57 1473 322 1514 luctantem.
380 1473 593 1526 Denique
610 1478 702 1513 tam
719 1473 863 1513 multa
879 1472 1106 1513 faciebam
1124 1484 1318 1526 corpore
1338 1472 1387 1512 in

58 1530 170 1583 ipsis
188 1530 493 1570 cunctationis
509 1529 726 1579 aestibus,
744 1541 858 1583 quae
874 1528 1118 1583 aliquando
1132 1528 1292 1569 volunt
1306 1527 1385 1568 ho-

57 1586 218 1635 mines,
237 1590 283 1626 et
297 1598 387 1625 non
402 1586 569 1636 valent,
587 1586 627 1626 si
642 1591 719 1626 aut
730 1587 830 1639 ipsa
846 1585 1048 1626 membra
1063 1597 1156 1626 non
1173 1583 1384 1634 habeant,

58 1646 136 1682 aut
161 1654 215 1682 ea
239 1642 313 1681 vel
339 1641 557 1695 colligata
579 1641 795 1691 vinculis,
828 1642 903 1682 vel
918 1642 1129 1682 resoluta
1143 1640 1383 1695 languore,

56 1697 131 1737 vel
149 1711 331 1752 quoquo
351 1698 487 1738 modo
506 1698 725 1752 impedita
741 1698 844 1738 sint.
893 1696 942 1740 Si
957 1698 1077 1738 vulsi
1095 1697 1322 1751 capillum,
1343 1697 1384 1737 si

55 1756 263 1807 percussi
274 1753 488 1804 frontem,
509 1755 547 1794 si
564 1755 789 1794 consertis
810 1754 966 1808 digitis
985 1753 1266 1807 amplexatus
1285 1766 1385 1793 sum

59 1822 199 1864 genu,
220 1811 325 1863 quia
340 1810 481 1859 volui,
501 1809 605 1851 feci.
666 1809 806 1850 Potui
824 1816 973 1851 autem
992 1811 1126 1861 velle,
1146 1815 1192 1850 et
1208 1821 1299 1849 non
1317 1808 1382 1849 fa-

60 1877 164 1905 cere
177 1896 188 1916 ,
230 1867 269 1906 si
306 1866 538 1906 mobilitas
571 1867 876 1907 membrorum
909 1879 1000 1907 non
1035 1867 1380 1919 obsequeretur.

58 1923 171 1961 Tam
193 1921 335 1961 multa
361 1934 472 1975 ergo
496 1921 608 1973 feci,
640 1922 718 1963 ubi
743 1935 833 1962 non
856 1920 944 1963 hoc
971 1928 1068 1963 erat
1090 1922 1232 1971 velle,
1259 1920 1383 1975 quod

55 1990 215 2031 posse3
249 1982 295 2017 et
312 1990 402 2017 non
420 1977 664 2028 faciebam,
685 1979 807 2032 quod
826 1983 871 2018 et
888 1978 1237 2031 incomparabili
1256 1975 1379 2018 adfe-

58 2039 133 2073 ctu
150 2033 340 2087 amplius
355 2032 466 2074 mihi
479 2034 703 2086 placebat,
721 2040 767 2075 et
779 2047 900 2084 mOX,
917 2040 968 2075 ut
986 2035 1165 2084 vellem,
1179 2045 1378 2087 possem,

57 2089 162 2142 quia
179 2101 303 2139 mox,
322 2095 372 2129 ut
389 2089 555 2129 vellem
569 2120 579 2140 ,
598 2091 755 2144 utique
773 2090 956 2132 vellem.
1014 2091 1083 2131 lbi
1102 2090 1220 2130 enim
1236 2088 1379 2128 facul-

55 2153 125 2184 tas
146 2157 212 2195 ea,
232 2158 346 2199 quae
365 2145 591 2194 voluntas,
609 2151 654 2186 et
668 2148 817 2200 ipsum
830 2147 966 2197 velle,
984 2148 1073 2187 iam
1091 2145 1244 2185 facere
1264 2148 1376 2193 erat,

59 2206 104 2240 et
117 2205 268 2242 tamen
282 2214 373 2243 non
387 2201 525 2243 fiebat
533 2216 544 2254 3
562 2200 834 2258 faciliusque
853 2201 1199 2257 obtemperabat
1214 2212 1376 2254 corpus
