1473 2443
113 114 196 155 264
462 111 736 153 AURELII
764 110 1130 153 AUGUSTINI

111 200 286 253 abyssus
309 197 525 251 abyssum
547 197 750 247 invocat,
785 196 868 237 sed
887 196 934 237 in
960 209 1074 237 voce
1099 199 1428 238 cataractarum

108 263 299 296 tuarum.
312 253 552 304 (Ps.42,8.)
568 252 722 293 Adhuc
738 258 782 293 et
791 253 885 303 ille,
896 253 971 306 qui
984 254 1111 294 dicit:
1125 252 1345 306 nonpotui
1356 266 1427 293 vo-

115 311 176 351 bis
194 309 315 364 loqui
333 308 457 363 quasi
474 308 757 362 spiritalibus,
774 309 850 349 sed
867 308 993 362 quasi
1008 308 1253 349 carnalibus
1268 310 1310 358 (l
1324 309 1427 349 Cor.

112 367 152 417 3,
172 369 244 417 l.),
259 366 395 406 etiam
411 367 509 417 ipse
528 364 726 405 nondum
744 377 792 405 se
807 365 1051 405 arbitratur
1063 364 1429 418 comprehendis-

114 435 177 472 se,
195 427 239 462 et
253 433 367 475 quae
385 426 508 461 retro
527 418 712 470 oblitus,
727 421 773 461 in
788 433 842 461 ea
858 433 971 474 quae
990 425 1093 461 aute
1105 426 1209 461 sunt
1226 420 1428 461 extendi-

110 483 183 518 tur
202 477 338 527 (Phil.
349 477 388 527 3,
408 478 472 517 12.
483 480 581 527 ss),
595 481 640 517 et
652 477 913 530 ingemiscit
922 482 1150 531 gravatus,
1165 481 1210 516 et
1228 478 1324 517 sitit
1336 478 1428 516 ani-

113 547 186 574 ma
209 534 305 574 eius
331 533 389 574 ad
405 532 553 573 Deum
577 532 747 582 vivum,
783 533 1159 586 quemadmodum
1184 544 1343 573 cervus
1372 530 1429 571 ad

111 589 264 629 fontes
285 600 517 642 aquarum,
544 593 589 628 et
607 587 736 629 dicit:
769 589 947 642 quando
967 587 1166 628 veniam2
1186 587 1279 637 (Ps.
1299 588 1367 636 42,
1386 589 1425 627 2.

110 659 145 685 s.
166 652 181 695 J
214 643 520 685 habitaculum
537 657 688 693 suum,
724 643 846 697 quod
871 643 925 684 de
946 643 1077 683 coelo
1098 648 1188 693 est,
1223 644 1426 696 superin-

112 702 189 742 dui
207 701 392 754 cupiens
413 701 456 749 (2
477 700 579 739 Cor.
599 699 640 750 5,
659 701 736 750 2.),
757 704 803 740 et
818 701 1000 740 invocat
1015 697 1278 739 inferiorem
1296 699 1427 752 abys-

112 769 232 806 sum,
258 757 434 796 dicens:
466 755 599 795 nolite
625 754 902 811 conformari
924 754 1024 794 lmic
1047 755 1236 803 saeculo,
1262 754 1336 794 sed
1358 768 1425 794 re-

104 810 370 870 formamini
398 810 444 851 in
477 811 669 852 novitate
701 810 854 850 mentis
886 817 1054 851 vestrae
1081 811 1229 859 (Rom.
1258 811 1324 860 12,
1344 811 1425 859 2.);

112 874 174 908 et:
214 867 347 907 nolite
372 867 504 920 paeri
537 865 659 922 effici
685 866 917 915 mentibus,
952 866 1027 906 sed
1056 865 1225 905 malitia
1252 866 1428 918 parvuli

111 929 258 972 estote,
279 929 331 963 ut
346 921 557 963 mentibus
569 921 765 977 perfecti
781 921 930 971 sitis(l
952 922 1053 962 Cor.
1075 922 1140 971 14,
1161 923 1270 973 20.);
1304 926 1367 961 et:
1401 934 1424 960 o

109 978 234 1019 stulti
266 977 473 1026 Galatae,
516 978 609 1031 qais
638 991 711 1017 vos
734 976 1010 1031 fascinavit?
1043 977 1163 1025 (Gal.
1183 976 1224 1027 3,
1244 978 1301 1027 l.)
1335 975 1427 1017 Sea

108 1035 199 1074 iam
223 1045 313 1073 non
338 1034 384 1073 in
407 1045 520 1073 voce
545 1046 647 1084 sua3
679 1034 725 1072 in
748 1039 827 1073 tua
845 1035 980 1082 enim,
1009 1034 1083 1087 qui
1100 1032 1267 1072 misisti
1286 1031 1425 1085 spiri*

108 1095 204 1130 tum
225 1094 351 1129 tuum
375 1089 429 1130 de
449 1089 644 1130 excelsis
675 1100 755 1142 per
782 1100 901 1138 eum,
942 1089 1019 1141 qui
1043 1088 1283 1128 adscendit
1298 1089 1344 1127 in
1362 1086 1424 1127 al·

106 1151 215 1195 tum,
230 1150 274 1185 et
292 1146 470 1197 aperuit
488 1149 738 1185 cataractas
759 1143 980 1184 donorum
998 1155 1197 1194 suorum,
1216 1148 1266 1183 ut
1282 1141 1424 1182 flumi-

106 1201 178 1241 nis
209 1201 404 1253 impetus
436 1200 710 1241 laetificaret
742 1200 972 1239 civitatem
1002 1204 1142 1239 tuam.
1200 1198 1273 1238 Illi
1304 1198 1424 1237 enim

108 1258 306 1310 suspirat
322 1257 479 1309 sponsi
496 1257 683 1305 amicus,
703 1254 873 1295 habens
889 1256 979 1296 iam
998 1255 1182 1308 spiritus
1201 1253 1422 1307 primitias

107 1324 247 1365 penes
266 1324 382 1361 eum,
402 1311 484 1352 sed
501 1310 647 1351 adhuc
663 1312 711 1351 in
728 1315 873 1351 semet
888 1312 988 1364 ipso
1007 1310 1328 1364 ingemiscens,
1347 1309 1421 1349 ad-

109 1370 341 1422 optionem
365 1372 636 1421 exspectans
659 1367 989 1407 redemtionem
1007 1367 1213 1419 corporis
1232 1365 1323 1414 sui3
1353 1365 1419 1404 illi

108 1424 325 1477 suspirat,
358 1424 606 1464 membrum
641 1427 710 1463 est
735 1423 853 1462 enim
876 1434 1091 1474 sponsae,
1127 1426 1172 1461 et
1193 1420 1261 1460 illi
1285 1420 1421 1469 zelat,

108 1481 278 1520 amicus
303 1484 372 1519 est
396 1479 514 1519 enim
540 1478 718 1531 sponsi3
744 1478 815 1517 illi
836 1478 975 1526 zelat,
1001 1490 1091 1517 non
1113 1477 1221 1526 sibi,
1247 1476 1352 1529 quia
1376 1476 1423 1515 in

108 1547 219 1575 voce
245 1539 575 1575 cataractarum
596 1539 796 1584 tuarum,
821 1546 912 1573 non
935 1534 981 1573 in
1003 1545 1114 1573 voce
1142 1545 1223 1572 sua
1239 1532 1423 1571 invocat

109 1591 298 1631 alteram
316 1591 549 1643 abyssum,
581 1590 653 1630 cui
670 1590 825 1631 zelans
839 1589 983 1637 timet,
1005 1600 1075 1636 ne,
1098 1589 1215 1627 sicut
1234 1598 1420 1638 serpens

106 1647 246 1686 Evam
271 1646 451 1699 decepit
473 1646 642 1686 astutia
666 1657 766 1693 sua,
794 1645 859 1684 sic
885 1648 930 1684 et
955 1655 1112 1683 eorum
1137 1654 1295 1682 sensus
1322 1653 1419 1680 cor-

105 1707 368 1753 rumpantur
393 1714 420 1741 a
451 1703 685 1749 castitate,
721 1712 836 1753 quae
869 1704 939 1738 est
969 1700 1014 1737 in
1048 1709 1215 1749 sponso
1244 1701 1418 1745 nostro,

106 1757 239 1795 unico
258 1763 353 1796 tuo.
375 1758 418 1805 (2
438 1757 540 1797 Cor.
563 1758 627 1805 ll,
647 1758 684 1796 2.
705 1768 761 1802 s.)
797 1754 924 1803 Quae
944 1759 1013 1793 est
1030 1753 1112 1792 illa
1128 1752 1299 1805 speciei
1315 1751 1419 1791 lux!

107 1811 217 1851 Cum
246 1811 493 1852 videbimus
519 1824 640 1860 eum,
665 1812 800 1851 sicuti
823 1813 911 1858 est,
940 1814 985 1848 et
1007 1809 1271 1847 transierint
1288 1807 1418 1846 lacri-

104 1879 226 1916 mae,
250 1879 364 1920 quae
387 1865 499 1906 mihi
520 1866 668 1906 factae
692 1870 795 1906 sunt
818 1865 945 1917 panis
970 1864 1042 1903 die
1061 1876 1112 1903 ac
1130 1868 1287 1910 nocte,
1314 1861 1416 1901 dum

106 1922 271 1963 dicitur
287 1920 397 1961 mihi
415 1922 638 1974 quotidie:
670 1921 757 1962 Ubi
775 1926 844 1960 est
860 1919 984 1959 Deus
1003 1918 1132 1959 tuus?
1156 1918 1250 1966 (Ps.
1269 1918 1336 1966 42,
1354 1917 1416 1966 4.)

189 1977 237 2018 C.
256 1976 374 2018 XIV.
407 1977 465 2017 Et
482 1989 567 2030 ego
588 1977 711 2016 dico:
730 1975 854 2015 Deus
871 1986 1013 2024 meuS,
1029 1975 1105 2014 ubi
1119 1974 1192 2014 esst
1209 1973 1327 2012 Ecce
1342 1972 1417 2011 ubi

105 2032 179 2072 es‘e
196 2033 387 2086 Respiro
402 2033 448 2071 in
460 2037 506 2072 te
519 2032 761 2085 paululum,
778 2043 877 2070 cum
892 2029 1074 2070 effundo
1090 2041 1224 2083 super
1240 2040 1310 2068 me
1324 2027 1416 2067 ani-

104 2100 222 2127 mam
246 2100 392 2128 meam
407 2088 455 2127 in
479 2099 591 2127 voce
618 2086 935 2128 exsultationis
961 2091 1005 2126 et
1023 2085 1326 2125 confessionis
1345 2094 1415 2123 so-

106 2143 151 2182 ni
200 2142 497 2184 festivitatem
533 2142 820 2183 celebrantis.
879 2142 938 2180 Et
969 2140 1114 2181 adhuc
1150 2140 1297 2179 tristis
1331 2144 1415 2186 est,

106 2199 211 2251 quia
230 2199 465 2249 relabitur,
486 2203 531 2240 et
548 2199 598 2239 fit
615 2198 808 2251 abyssus3
840 2197 911 2238 vel
929 2199 1096 2250 potius,
1116 2195 1253 2236 sentit
1271 2192 1415 2233 adhuc
