1473 2443
94 144 173 185 164
407 144 675 186 AURELII
703 146 1067 188 AUGUSTINI

93 229 228 271 credo
247 231 337 270 iam
354 228 540 280 feceris,
565 229 685 284 quod
700 234 746 271 te
763 242 901 285 r0g03
933 232 1014 272 sed
1031 231 1287 272 voluntaria
1304 229 1397 271 oris

89 287 179 325 mei
209 285 427 338 adpmba,
450 285 659 329 Domine.
717 285 919 341 Namque
939 288 1020 328 illa
1041 288 1299 328 imminente
1324 286 1396 326 die

88 341 384 382 resolutionis
404 354 512 382 suae
530 355 621 382 non
633 342 852 398 cogitavit
868 356 995 384 suum
1015 356 1177 397 corpus
1198 346 1396 383 sumtuo-

90 408 139 437 se
160 397 358 451 contegi‚
372 402 450 437 aut
467 397 643 440 condiri
657 399 948 449 aromatibus,
968 404 1044 438 aut
1060 403 1398 438 monumentum

93 453 288 492 electum
311 454 589 506 concupivit,
615 458 692 494 aut
714 455 887 494 curavit
910 451 1167 507 sepulcrum
1190 453 1397 508 patrium.

90 507 193 548 Non
204 508 531 549 istamandavit
545 509 691 559 nobis,
710 509 792 550 sed
807 510 1117 551 tantummodo
1136 510 1399 550 memoriam

94 564 165 604 sui
189 563 245 603 ad
269 565 410 605 altare
433 569 558 605 tuum
580 565 680 604 fieri
701 565 997 615 desideravit,
1023 566 1095 606 cui
1117 566 1283 606 nullius
1309 565 1402 604 diei

92 620 495 672 praetermissione
514 621 753 671 servierat,
777 622 894 661 unde
914 623 1053 662 sciret
1070 621 1323 675 dispensari
1338 621 1401 660 vi·

94 677 275 715 ctimam
311 681 510 716 sanctam
523 707 534 726 ,
573 689 661 730 qua
696 677 895 717 deletum
932 682 1000 718 est
1038 674 1401 730 chirographum,

95 731 217 784 quod
235 736 333 771 erat
353 732 628 773 contrarium
644 732 795 783 nobis,
816 746 903 786 qua
918 732 1216 786 triumphatus
1237 736 1306 772 est
1324 729 1402 770 ho-

94 786 198 837 stis,
226 793 489 839 computans
508 788 675 828 delicta
692 794 848 828 nostra
866 795 910 828 et
928 801 1148 842 quaerens
1167 788 1273 842 quid
1292 787 1403 827 obii-

95 844 200 892 ciat,
221 847 266 882 et
283 842 396 882 nihil
412 844 645 884 inveniens
663 845 709 883 in
726 844 823 893 illo,
842 844 887 883 in
907 858 994 898 quo
1011 845 1246 884 vincimus.
1293 842 1404 891 Quis

96 899 139 939 ei
155 897 367 939 refundet
382 901 671 941 innocentem
688 900 975 953 sanguinem&
1006 900 1116 949 Quis
1136 901 1179 940 ei
1194 901 1408 939 restituet

93 955 310 1008 pretium,
345 967 433 1009 quo
455 968 539 995 nos
565 957 693 1004 emit,
716 960 766 995 ut
788 968 871 995 nos
895 955 1073 996 auferat
1095 956 1163 996 ei‘!
1191 955 1257 995 Ad
1280 954 1406 994 cuius

93 1011 233 1064 pretii
253 1012 398 1050 nostri
417 1015 745 1052 sacramentum
762 1011 922 1064 ligavit
941 1012 1106 1052 ancilla
1122 1016 1199 1051 tua
1217 1011 1407 1050 animam

97 1078 223 1105 suam
239 1066 419 1108 vinculo
440 1066 560 1105 fidei.
616 1065 759 1106 Nemo
779 1079 805 1106 a
820 1070 1105 1119 protectione
1123 1072 1202 1107 tua
1220 1066 1407 1106 disrum-

94 1127 173 1174 pat
196 1133 307 1161 eam.
367 1120 469 1161 Non
493 1134 541 1162 se
563 1122 824 1175 interponat
844 1134 928 1162 nec
949 1125 1012 1172 vi,
1036 1135 1119 1163 nec
1136 1122 1315 1162 insidiis
1333 1121 1407 1160 leo

98 1182 144 1217 et
162 1177 313 1217 draco.
359 1176 517 1230 Neque
537 1178 654 1217 enim
669 1178 965 1230 respondebit
980 1179 1061 1218 illa
1078 1176 1191 1218 nihil
1207 1189 1256 1217 se
1276 1176 1408 1217 debe-

97 1245 169 1282 re,
196 1244 251 1273 ne
271 1234 563 1273 convineatur
582 1238 627 1273 et
645 1234 903 1273 obtineatur
922 1235 976 1274 ab
996 1234 1266 1274 adcusatore
1286 1232 1407 1273 calli-

100 1288 179 1338 do3
212 1288 293 1328 sed
316 1289 631 1340 respondebit,
663 1289 849 1329 dimissa
874 1290 1027 1330 debita
1049 1302 1131 1329 sua
1153 1290 1207 1328 ab
1233 1301 1310 1337 eo,
1337 1289 1409 1327 cui

97 1356 230 1383 nemo
266 1344 446 1394 reddet,
479 1344 599 1398 quod
621 1356 702 1397 pro
727 1345 859 1385 nobis
885 1358 975 1385 uon
999 1345 1168 1385 debens
1192 1344 1405 1384 reddidit.

98 1398 167 1440 Sit
192 1412 301 1453 ergo
324 1401 371 1439 in
392 1412 502 1454 pace
528 1413 627 1440 cum
649 1401 768 1451 viro,
802 1405 904 1441 ante
929 1413 1059 1454 quem
1081 1400 1210 1449 nulli,
1236 1405 1281 1440 et
1304 1405 1408 1452 post

98 1467 230 1508 quem
251 1456 365 1495 nulli
387 1461 524 1508 nupta
542 1461 630 1506 est,
655 1456 728 1497 cui
745 1457 948 1506 servivit,
972 1455 1167 1496 fructum
1182 1457 1268 1496 tibi
1285 1454 1407 1495 adfe-

94 1523 201 1551 rens
226 1524 326 1551 cum
351 1512 615 1562 tolerantia,
640 1517 689 1551 ut
713 1524 812 1551 eum
837 1524 1014 1566 quoque
1039 1512 1291 1552 lucraretur
1307 1510 1404 1550 tibi.

95 1566 153 1606 Et
170 1567 360 1620 inspira,
385 1567 579 1607 Domine
596 1579 744 1617 meus,
763 1567 886 1607 Deus
904 1580 1050 1616 meus,
1073 1567 1244 1620 inspira
1262 1567 1405 1606 servis

95 1624 209 1672 tuis,
233 1622 450 1663 fratribus
470 1623 604 1673 meis,
623 1623 729 1664 filiis
752 1624 857 1672 tuis,
882 1624 1074 1663 dominis
1092 1623 1223 1670 meis,
1244 1622 1404 1674 quibus

97 1683 143 1717 et
159 1690 292 1728 voce,
318 1684 362 1718 et
381 1679 539 1728 corde,
564 1684 609 1718 et
625 1679 772 1721 literis
792 1679 960 1727 servio,
986 1683 1035 1717 ut
1053 1681 1275 1730 quotquot
1293 1674 1405 1715 haec

93 1733 306 1786 legerint,
316 1734 600 1774 meminerint
611 1734 665 1773 ad
675 1734 816 1772 altare
827 1739 951 1772 tuum
958 1732 1199 1772 Monnicae
1208 1731 1403 1771 famulae

93 1793 216 1837 tuae,
228 1803 326 1829 cum
337 1789 536 1829 Patricio
552 1789 776 1842 quondam
791 1790 888 1829 eius
902 1790 1110 1841 coniuge,
1124 1799 1202 1841 per
1214 1799 1403 1840 quorum

96 1854 277 1884 carnem
288 1845 583 1886 introduxisti
598 1857 666 1884 me
678 1846 723 1883 in
736 1843 848 1883 hanc
859 1845 1011 1893 vitam,
1029 1843 1403 1896 quemadmodum

95 1899 268 1939 nescio.
307 1900 601 1940 Meminerint
617 1912 716 1939 cum
734 1898 916 1938 adfectu
934 1901 1008 1952 pio
1027 1903 1264 1951 parentum
1280 1909 1402 1937 meo-

95 1966 195 1994 rum
210 1956 257 1994 in
274 1953 357 1994 hac
375 1955 475 1994 luce
493 1955 773 2003 transitoria,
785 1960 829 1994 et
846 1954 1035 1994 fratrum
1045 1966 1248 1994 meorum
1260 1953 1342 1992 sub
1355 1957 1401 1991 te

95 2014 224 2063 patre
241 2011 287 2050 in
304 2016 447 2049 matre
461 2008 700 2059 catholica,
713 2015 757 2049 et
770 2011 932 2050 civium
946 2022 1149 2049 meorum
1158 2009 1203 2047 in
1217 2013 1402 2047 aeterna

94 2066 356 2115 Ierusalem,
369 2067 441 2106 cui
459 2066 654 2118 suspirat
670 2067 978 2119 peregrinatio
990 2065 1147 2119 populi
1156 2066 1222 2103 tui
1235 2064 1290 2103 ab
1309 2065 1400 2103 exi-

95 2127 145 2162 tu
162 2134 304 2175 usque
322 2121 378 2162 ad
394 2121 662 2171 reditum,ut
673 2122 793 2174 quod
811 2134 836 2161 a
850 2134 919 2161 me
934 2121 1014 2161 illa
1031 2120 1242 2173 poposcit
1255 2123 1400 2158 extre-

95 2190 228 2226 mum,
241 2177 422 2217 uberius
433 2177 503 2218 illi
519 2182 777 2231 praestetur
793 2177 839 2216 in
855 2177 1099 2218 multorum
1117 2173 1398 2215 orationibus

92 2244 174 2284 per
192 2232 526 2283 confessiones,
548 2246 678 2287 quam
696 2245 775 2287 per
795 2234 1024 2273 orationes
1042 2243 1179 2271 meas.

590 2325 612 2332 α
