1514 2438
295 135 835 180 CONFESSIONUM
863 136 1068 180 LIBER
1096 137 1172 180 VI.
1345 140 1397 180 93

66 224 224 264 nescio
253 222 362 278 quid
386 235 442 264 ex
467 235 596 263 more
614 223 849 276 potentiae
871 235 1003 275 suae,
1032 223 1155 279 quod
1175 229 1300 265 esset
1316 237 1399 278 per

64 279 195 334 leges
213 279 445 331 illicitum3
477 279 869 334 restititAlypius:
887 280 1161 334 promissum
1183 285 1254 321 est
1269 293 1398 334 prae

64 337 224 387 mium3
262 335 410 376 irrisit
450 336 623 375 animo:
671 341 937 389 praetentae
977 337 1148 388 minae3
1204 337 1401 378 calcavit

64 392 337 432 mirantibus
358 392 566 432 omnibus
585 392 853 432 inusitatam
871 393 1065 433 animam
1079 424 1089 444 ,
1120 405 1235 447 quae
1255 392 1398 433 homi-

64 461 169 489 nem
191 453 368 488 tantum
395 453 442 488 et
466 448 878 490 innumerabilibus
896 450 1163 503 praestandi
1181 451 1398 490 nocendi-

66 517 152 558 que
170 505 318 545 modis
338 504 516 559 ingenti
535 503 658 544 fama
676 505 979 555 celebratum,
1005 506 1080 545 vel
1097 506 1290 547 amicum
1307 520 1398 546 non

66 565 268 615 optaret,
296 560 370 600 vel
391 573 483 600 non
508 559 781 601 formidaret
807 561 1055 602 inimicum.
1116 563 1217 616 lpse
1246 568 1398 602 autem

62 618 217 667 iudex,
237 617 311 656 cui
330 617 623 657 consiliarius
644 622 755 667 erat,
776 618 979 671 quamvis
1002 623 1046 658 et
1063 618 1162 672 ipse
1182 619 1280 658 fieri
1300 619 1397 659 nol-

60 674 243 723 let‚n0n
259 678 412 713 tamen
431 680 586 727 aperte
605 673 868 725 recusabat3
900 673 1038 714 sedin
1056 675 1192 714 istum
1213 688 1396 715 causam

61 728 371 779 transferens,
406 729 462 769 ab
490 742 544 769 eo
575 741 623 769 se
650 742 741 770 non
767 730 971 783 permitti
989 730 1255 782 adserebat;
1291 732 1398 786 quia

62 791 108 826 et
124 797 175 825 re
195 797 317 835 vera,
337 786 377 826 si
394 786 493 839 ipse
511 784 702 836 faceret,
722 787 810 826 iste
831 786 1105 827 discederet.
1165 787 1270 827 Hoc
1290 788 1392 828 solo

59 847 213 883 autem
227 854 371 895 paene
390 842 480 882 iam
498 842 682 882 illectus
704 847 803 882 erat
820 842 974 883 studio
994 842 1219 893 literario,
1232 849 1283 883 ut
1295 856 1395 897 pre-

59 899 138 938 tiis
172 899 480 952 praetorianis
518 898 703 939 codices
739 898 826 938 sibi
853 899 1165 940 conficiendos
1195 907 1390 941 curaret.

61 954 153 995 Sed
171 954 382 994 consulta
397 952 588 1005 iustitia,
604 955 985 996 deliberationem
1002 955 1049 996 in
1063 956 1227 996 melius
1240 957 1391 1006 vertit,

61 1011 302 1051 utiliorem
344 1011 553 1051 iudicans
595 1012 875 1065 aequitatem
890 1042 900 1062 ,
937 1025 1025 1066 qua
1048 1011 1394 1066 prohibebatur,

61 1081 196 1121 quam
224 1072 523 1120 potestatem,
547 1080 636 1121 qua
657 1068 907 1108 sinebatur.
969 1068 1165 1109 Parvum
1186 1075 1256 1109 est
1283 1068 1391 1119 hoc3

61 1125 144 1164 sed
165 1124 240 1177 qui
255 1123 299 1162 iu
313 1123 614 1178 parvofidelz's
633 1132 709 1174 est,
723 1132 767 1165 et
781 1124 826 1164 in
845 1125 1169 1180 magnofldelis
1189 1133 1263 1166 est.
1297 1126 1393 1167 Nec

58 1180 154 1220 ullo
176 1181 313 1220 modo
334 1181 422 1220 erit
440 1181 591 1231 inane,
613 1181 736 1235 quod
755 1181 810 1221 de
829 1186 935 1222 tuae
954 1183 1163 1223 veritatis
1187 1195 1266 1223 ore
1287 1195 1390 1236 pro-

60 1237 221 1277 cessit:
254 1236 292 1275 si
308 1235 350 1276 in
370 1236 532 1277 iniusto
552 1236 963 1290 mamnzonafideles
982 1238 1263 1295 πονηριιίεῒίες,ο
1279 1240 1394 1293 qnod

61 1306 207 1333 rernm
233 1300 296 1332 est
314 1293 408 1346 quis
429 1294 576 1333 credet
591 1294 741 1334 vobis?
771 1294 888 1334 Etsi
904 1294 950 1335 in
971 1295 1111 1335 alieno
1128 1294 1285 1349 fideles
1304 1309 1392 1336 non

58 1348 240 1399 fuis-535
274 1350 390 1402 qnod
412 1356 602 1389 vestrum
632 1357 696 1390 est
720 1349 813 1403 quis
842 1349 964 1391 dabit
988 1351 1137 1391 vobis?
1169 1351 1300 1399 (Luc.
1324 1351 1390 1401 16,

60 1407 125 1445 10.
143 1407 229 1455 11.)
289 1406 419 1445 Talis
444 1405 524 1445 ille
544 1411 651 1445 tunc
669 1405 940 1447 inhaerebat
956 1406 1092 1457 mihi,
1121 1419 1391 1461 mecumque

57 1461 247 1501 nutabat
282 1461 328 1500 in
363 1462 586 1513 consilio,
622 1463 829 1516 quisnam
859 1468 985 1503 esset
1014 1463 1239 1509 tenendus
1271 1464 1391 1504 vitae

55 1517 234 1557 modus.
296 1516 544 1558 Nebridius
576 1519 734 1568 etiam,
765 1519 839 1572 qui
874 1519 1038 1560 relicta
1067 1520 1217 1574 patria
1240 1520 1391 1560 vicina

58 1572 348 1626 Carthagini,
375 1579 511 1627 atque
529 1575 630 1628 ipsa
650 1574 950 1629 Carthagine,
974 1575 1053 1616 ubi
1070 1575 1389 1630 frequentissi-

53 1643 153 1671 mus
174 1634 296 1679 erat,
323 1630 486 1670 relicto
506 1643 610 1671 rure
629 1636 820 1684 paterno
842 1633 1014 1685 optimo
1028 1663 1038 1683 ‚
1065 1632 1230 1672 relicta
1250 1632 1385 1672 domo

57 1692 103 1726 et
126 1699 216 1726 non
235 1692 451 1726 secutura
467 1692 611 1727 matre
625 1718 635 1737 ‚
666 1688 835 1728 nullam
857 1688 913 1728 ob
933 1689 1068 1728 aliam
1088 1701 1271 1729 causam
1290 1689 1385 1729 Me-

56 1742 289 1782 diolanum
317 1748 529 1793 venerat,
558 1744 646 1783 nisi
670 1749 720 1784 ut
735 1756 913 1785 mecum
932 1745 1110 1785 viveret
1125 1745 1171 1785 in
1189 1743 1385 1799 flagranss

60 1798 243 1839 tissimo
273 1800 426 1840 studio
446 1800 655 1842 veritatis
673 1806 809 1854 atque
829 1804 1099 1855 sapientiae,
1121 1803 1291 1856 pariter
1305 1817 1376 1843 su-

60 1854 989 1911 spirabat‚pariterquefluctuabat,beatae
1000 1859 1378 1912 vitaeinquisitor

50 1913 216 1953 ardens
230 1943 240 1963 ‚
284 1919 330 1953 et
371 1916 689 1966 quaestionum
735 1917 1106 1959 difficillimarum
1148 1923 1380 1957 scrutator

50 1970 317 2009 acerrimus.
360 1969 418 2009 Et
440 1976 570 2010 erant
588 1984 669 2012 ora
684 1973 822 2012 trium
843 1974 1090 2027 egentium,
1112 1978 1158 2013 et
1174 1974 1376 2026 inopiam

46 2038 173 2065 suam
207 2025 391 2066 sibimet
419 2026 615 2067 imicem
637 2027 968 2080 anhelantium,
1011 2035 1057 2070 et
1089 2042 1115 2069 a
1137 2034 1182 2070 te
1216 2042 1374 2082 exspe-

46 2082 287 2132 ctantium,
313 2087 364 2122 ut
382 2082 516 2122 dares
538 2084 604 2123 eis
628 2097 779 2125 escam
805 2086 851 2125 in
871 2092 1077 2140 tempore
1097 2090 1371 2139 opportuno.

42 2135 103 2176 Et
143 2138 189 2177 in
222 2139 345 2178 omni
377 2139 698 2191 amaritudine,
741 2154 856 2195 quae
889 2148 1075 2183 nostros
1110 2141 1370 2182 saeculares

42 2197 172 2233 aetus
207 2194 262 2234 de
294 2195 616 2236 misericordia
646 2202 725 2237 tua
753 2198 1052 2251 sequebatur,
1086 2196 1369 2237 intuentibus

42 2250 175 2291 nobis
196 2250 345 2303 finem,
367 2264 446 2293 cur
465 2264 517 2292 ea
532 2258 807 2307 pateremur,
828 2255 1107 2295 occurebant
1124 2254 1364 2295 tenebrae:
