1473 2443
99 73 179 112 210
446 68 717 112 AURELII
745 67 1112 124 AUGUSTINI

101 158 170 198 nit
189 157 390 210 speciem
405 156 494 196 iam
514 154 769 206 exsistenti,
791 160 837 196 et
852 153 1040 195 habenti
1058 158 1108 193 ut
1126 155 1263 202 esset,
1273 150 1416 192 veluti

98 218 250 253 terrae
281 217 358 252 aut
390 211 551 265 lapidi,
586 215 663 251 aut
684 211 810 264 ligno
835 216 913 251 aut
935 221 1070 258 auro,
1104 213 1181 248 aut
1197 207 1246 248 id
1270 220 1415 261 genus

98 281 247 309 rerum
265 268 468 308 cuilibet.
515 267 573 306 Et
589 266 707 306 unde
725 268 815 308 ista
833 270 1001 316 essent,
1020 266 1109 305 nisi
1124 271 1175 304 tu
1191 263 1412 304 instituis-

99 337 173 365 ses
199 324 279 364 eaZ
310 325 381 364 Tu
397 323 529 364 fabro
549 334 733 376 corpus,
767 327 818 363 tu
835 323 1032 363 animum
1049 319 1262 361 membris
1280 319 1418 374 impe-

99 381 313 420 ritantem
332 378 506 430 fecisti3
536 384 587 420 tu
603 379 859 428 materiam,
878 377 997 419 unde
1016 375 1128 417 facit
1145 375 1337 429 aliquid;
1368 380 1419 416 tu

98 436 350 490 ingenium,
385 447 473 489 quo
494 439 638 474 artem
658 436 807 488 capiat
825 439 871 474 et
887 433 1042 474 videat
1058 432 1201 481 intus,
1228 431 1336 485 quid
1352 430 1417 470 fa-

102 494 192 533 ciat
218 490 351 541 foris3
384 497 434 531 tu
451 503 633 531 sensum
652 490 857 544 corporis
871 520 881 540 ,
916 501 1004 543 quo
1022 490 1273 541 interprete
1291 487 1416 526 traii-

102 549 192 588 ciat
209 549 264 588 ab
282 549 431 587 animo
453 546 510 586 ad
526 546 762 586 materiam
779 545 826 585 id
845 545 966 600 quod
982 543 1107 594 facit,
1122 549 1167 583 et
1186 543 1418 583 renuntiet

102 604 251 643 animo
285 603 393 657 quid
410 601 580 643 factum
598 604 675 652 sit,
712 607 762 642 ut
777 601 856 642 ille
875 602 997 642 intus
1018 598 1227 640 consulat
1245 598 1414 652 praesi-

103 659 284 699 dentem
307 659 395 699 sibi
412 661 671 708 veritatem,
705 671 760 697 an
778 657 893 697 bene
912 655 1083 696 factum
1100 655 1173 695 sit.
1233 655 1300 694 Te
1321 653 1414 694 lau-

103 715 210 755 dant
242 713 355 754 haec
389 717 540 755 omnia
568 718 823 755 creatorem
863 714 1073 753 omnium.
1136 709 1227 751 Sed
1248 714 1298 750 tu
1325 721 1413 762 quo

101 771 236 811 modo
256 769 370 810 facis
391 770 468 810 ea‘}
500 770 600 819 Quo
622 769 755 810 modo
776 768 950 818 fecisti,
986 766 1134 816 Deus,
1170 765 1349 806 coelum
1369 770 1415 804 et

102 826 294 867 terram'ss
340 825 443 866 Non
476 829 631 879 utique
660 826 706 865 in
730 825 861 865 coelo
887 835 1035 877 neque
1053 823 1101 862 in
1117 827 1243 862 terra
1260 820 1415 861 fecisti

103 882 283 922 coelum
303 887 348 921 et
368 888 554 933 terram3
580 894 726 935 neque
745 882 791 920 in
810 883 930 929 aere,
952 883 1029 919 aut
1045 879 1092 918 in
1109 878 1255 932 aquis,
1275 888 1414 931 quon-

101 939 191 977 iam
226 943 271 977 et
303 937 415 977 haec
433 939 662 992 pertinent
685 937 741 977 ad
768 936 947 976 coelum
977 940 1022 975 et
1045 939 1236 984 terram3
1267 942 1414 986 neque

100 995 147 1034 in
170 995 383 1033 universo
409 993 575 1034 mundo
595 992 747 1033 fecisti
764 993 1024 1032 universum
1043 989 1276 1037 mundum,
1312 989 1417 1042 quia

101 1061 193 1089 non
222 1054 320 1089 erat
347 1049 425 1089 ubi
452 1049 604 1098 fieret,
640 1053 880 1101 antequam
904 1047 1054 1095 fieret,
1087 1050 1138 1085 ut
1158 1049 1300 1095 esset3
1334 1055 1416 1083 nec

102 1118 235 1145 manu
263 1106 451 1145 tenebas
477 1105 667 1158 aliquid,
702 1103 819 1143 unde
852 1102 1030 1142 faceres
1058 1102 1236 1140 coelum
1261 1105 1306 1140 et
1327 1104 1417 1139 ter-

102 1173 212 1201 ram.
273 1160 387 1201 Nam
405 1160 523 1200 unde
544 1161 627 1200 tibi
645 1158 745 1209 hoc,
767 1159 889 1212 quod
906 1164 955 1197 tu
974 1170 1063 1196 non
1082 1155 1275 1204 feceras,
1296 1154 1415 1194 unde

104 1217 275 1270 aliquid
287 1216 491 1256 faceres'}
517 1215 636 1263 Quid
656 1215 774 1255 enim
793 1219 876 1264 est,
898 1215 985 1253 nisi
1005 1213 1111 1266 quia
1125 1217 1175 1251 tu
1196 1210 1270 1251 es‘t
1291 1210 1415 1263 Ergo

104 1273 274 1321 dixisti,
298 1277 343 1312 et
361 1271 484 1311 facta
502 1276 618 1321 sunt,
640 1276 773 1323 atque
792 1272 837 1310 in
856 1269 995 1309 verbo
1015 1274 1094 1308 tuo
1114 1266 1269 1307 fecisti
1289 1278 1357 1306 ea.

191 1328 237 1368 C.
262 1327 339 1368 VI.
401 1327 490 1368 Sed
511 1339 598 1380 quo
618 1326 753 1366 modo
777 1324 961 1365 dixisti‘}
978 1322 1207 1377 Numquid
1223 1322 1305 1362 illo
1325 1332 1418 1361 mo-

110 1384 189 1433 do,
227 1396 314 1437 quo
341 1382 465 1423 facta
489 1388 559 1423 est
583 1395 673 1422 vox
691 1383 744 1422 de
765 1382 884 1421 nube
906 1381 1082 1420 dicens:
1113 1377 1208 1419 Hic
1225 1376 1420 1433 estfilius

107 1453 222 1480 meas
238 1439 441 1480 dilectas?
458 1437 641 1487 (Matth.
654 1438 693 1488 3,
706 1438 769 1478 17.
782 1442 826 1477 et
838 1438 901 1487 17,
911 1436 970 1486 5.)
991 1436 1076 1475 Illa
1088 1435 1207 1475 enim
1217 1446 1307 1475 vox
1318 1438 1421 1474 acta

108 1505 243 1549 atque
281 1500 515 1535 transacta
548 1500 637 1544 est,
675 1498 839 1547 coepta
878 1498 924 1532 et
959 1493 1099 1532 finita.
1161 1489 1422 1531 Sonuerunt

110 1552 337 1604 syllabae,
374 1555 509 1604 atque
535 1550 834 1598 transierunt,
869 1547 1070 1589 secunda
1091 1551 1197 1599 post
1213 1547 1417 1599 primam,

104 1608 241 1647 tertia
274 1611 379 1660 post
396 1606 659 1655 secundam,
695 1610 829 1658 atque
849 1605 954 1644 inde
975 1615 1031 1643 ex
1053 1601 1233 1650 ordine,
1271 1600 1417 1640 donec

104 1663 265 1702 ultima
300 1666 406 1714 post
445 1669 671 1711 caeteras,
712 1660 1031 1711 silentiumque
1064 1662 1169 1710 post
1199 1656 1416 1696 ultimam.

105 1717 231 1758 Unde
267 1718 410 1757 claret
446 1722 579 1771 atque
622 1716 808 1765 eminet,
844 1714 965 1768 quod
999 1721 1233 1753 creaturae
1267 1716 1418 1752 motus

106 1774 332 1825 expressit
357 1785 472 1820 eam,
501 1773 703 1812 serviens
724 1776 937 1811 aeternae
959 1768 1181 1808 voluntati
1196 1772 1300 1808 tuae
1320 1767 1417 1820 ipse

104 1829 385 1882 temporalis.
450 1828 502 1867 Et
520 1827 632 1869 haec
654 1828 710 1867 ad
727 1832 904 1880 tempus
924 1824 1047 1864 facta
1061 1824 1199 1863 verba
1214 1829 1293 1863 tua
1311 1836 1418 1862 nun-

108 1885 237 1925 tiavit
274 1885 394 1924 auris
431 1884 633 1923 exterior
669 1882 811 1923 menti
846 1881 1080 1934 prudenti,
1130 1880 1257 1920 cuius
1296 1879 1418 1918 auris

109 1942 300 1981 interior
325 1940 477 1993 posita
510 1944 579 1979 est
602 1938 659 1978 ad
686 1943 919 1978 aeternum
942 1936 1144 1977 Verbum
1163 1940 1304 1974 tuum.
1362 1933 1418 1972 At

108 1997 188 2037 illa
228 1997 507 2048 comparavit
540 1993 652 2034 haec
689 1995 829 2034 verba
861 1992 1175 2045 temporaliter
1208 1989 1419 2029 sonantia

110 2066 209 2092 cum
239 2057 426 2092 aeterno
454 2052 501 2090 in
524 2050 707 2090 silentio
726 2048 879 2090 Verbo
900 2056 977 2088 tuo
993 2079 1003 2097 ‚
1039 2052 1084 2086 et
1103 2045 1236 2085 dixit:
1283 2043 1416 2084 Aliud

111 2114 194 2157 est,
230 2108 367 2161 longe
403 2106 526 2146 aliud
561 2111 644 2146 est.
704 2105 833 2144 Haec
865 2104 1003 2156 longe
1038 2101 1157 2141 infra
1190 2112 1260 2140 me
1297 2104 1414 2147 sunt,

113 2176 192 2203 nec
226 2168 349 2213 sunt,
387 2164 492 2216 quia
513 2161 695 2216 fugiunt
721 2166 765 2201 et
782 2163 1092 2214 praetereunt3
1124 2156 1324 2197 Verbum
1342 2168 1416 2196 au-
