1473 2443
97 156 146 196 16
419 155 698 197 AURELII
726 155 1094 198 AUGUSTINI

93 240 251 290 verba,
286 253 399 295 quae
423 243 468 281 in
494 253 548 281 eo
573 241 676 281 loco
703 244 872 296 scripta
895 248 1019 292 sunt,
1053 242 1137 282 nisi
1167 241 1409 280 Terentius

90 296 328 336 induceret
359 309 551 349 nequam
579 297 937 348 adolescentem,
970 301 1299 352 proponentem
1323 297 1407 336 sibi

88 351 243 391 Iovem
266 352 322 391 ad
342 353 594 404 exemplum
619 355 788 405 stupri,
825 355 928 393 dum
972 358 1152 406 spectat
1177 351 1410 402 „tabulam

91 407 327 460 quamdam
351 408 516 460 pictam
540 409 587 447 in
603 411 798 461 pariete,
822 410 899 449 ubi
916 410 1064 448 inerat
1079 409 1258 462 pictura
1276 406 1408 447 haec;

89 463 244 502 lovem
273 475 358 515 quo
386 468 520 515 pacto
553 462 738 504 Danaae
761 466 941 504 misisse
968 465 1093 503 aiunt
1114 464 1161 503 in
1189 464 1409 516 gremium

92 519 318 570 quondam
351 519 538 558 imbrem
573 531 772 570 aureum,
805 520 956 559 fucum
987 519 1157 559 factum
1180 518 1410 558 mulieri.“

90 574 149 612 Et
180 573 306 623 vide,
348 575 723 626 quemadmodum
756 587 804 615 se
840 576 1040 615 concitat
1073 575 1129 614 ad
1159 574 1410 621 libidinem,

91 629 223 681 quasi
240 628 431 669 coelesti
450 630 731 683 magisterio.
792 632 877 680 „At
896 643 1026 683 quem
1043 629 1218 669 Deum'!
1250 630 1410 681 inquit.

91 685 180 733 Qui
196 685 364 737 templa
382 685 502 724 coeli
518 698 689 725 summa
700 688 850 726 sonitu
869 686 1084 725 concutit.
1108 685 1207 738 Ego
1227 684 1414 724 homunz*

93 741 163 779 cio
200 740 247 779 id
280 752 370 780 non
389 739 617 780 facerem‘}
645 741 745 793 Ego
764 754 871 780 xero
891 741 1004 781 illud
1022 741 1110 781 feci
1133 753 1184 780 ac
1202 740 1411 779 lubens.“

90 795 297 847 (Terent.
353 796 464 835 Eun.
496 797 537 845 3,
568 796 608 846 5,
641 796 694 835 36
716 800 797 847 ss.)
856 795 958 837 Non
991 797 1171 835 omnino
1197 794 1411 848 perhanc

87 851 412 902 turpitudinem
444 852 582 891 verba
610 852 701 891 ista
735 852 1015 891 commodius
1051 852 1297 901 discuntur3
1330 851 1411 890 sed

88 918 169 960 per
194 905 306 945 haec
330 907 469 946 verba
491 907 724 959 turpitudo
748 908 838 947 ista
861 907 1161 947 confidentius
1179 911 1409 958 perpetra-

88 969 174 1001 tur.
233 960 333 1001 Non
353 975 517 1001 accuso
544 963 684 1002 verba
711 964 840 1016 quasi
863 975 971 1002 vasa
995 963 1142 1001 electa
1160 966 1293 1014 atque
1311 973 1409 1013 pre-

87 1018 228 1065 tiosa;
260 1017 339 1056 sed
366 1018 520 1057 vinum
547 1019 739 1067 erroris,
766 1019 886 1071 quod
904 1019 950 1057 in
970 1018 1035 1057 eis
1051 1017 1183 1057 nobis
1201 1017 1409 1070 propina-

85 1073 220 1112 batur
239 1073 292 1111 ab
313 1073 448 1113 ebriis
469 1073 754 1123 doctoribus3
789 1080 834 1112 et
851 1074 939 1113 nisi
956 1073 1230 1122 biberemus,
1251 1072 1409 1111 caede-

85 1128 267 1176 bamur,
293 1140 377 1168 nec
404 1128 634 1181 adpellare
655 1130 850 1181 aliquem
867 1128 1065 1168 iudicem
1084 1128 1284 1168 sobrium
1301 1128 1408 1167 lice-

86 1183 180 1223 bat.
238 1183 296 1222 Et
315 1188 466 1223 tamen
493 1196 601 1238 ego,
628 1184 753 1223 Deus
776 1197 923 1234 meus,
948 1185 994 1222 in
1014 1184 1141 1223 cuius
1161 1188 1408 1235 conspectu

87 1240 178 1278 iam
204 1251 366 1278 secura
391 1244 461 1279 cst
482 1240 742 1279 recordatio
769 1253 891 1289 mea,
919 1239 1116 1278 libenter
1138 1237 1250 1278 haec
1269 1238 1409 1277 didici

88 1300 134 1334 et
152 1295 217 1333 eis
239 1295 499 1334 delectabar
515 1296 666 1345 miser,
689 1301 733 1335 et
752 1295 806 1335 eb
826 1294 913 1335 hoc
930 1295 958 1334 b
974 1307 1105 1335 onae
1135 1307 1192 1347 sp
1206 1294 1253 1333 ei
1276 1306 1408 1346 puer

88 1350 363 1403 adpellabar.

176 1406 223 1445 C.
256 1405 397 1445 XVII.
459 1405 564 1446 Sine
583 1418 669 1456 me,
688 1406 812 1445 Deus
834 1419 982 1455 meus,
1003 1405 1154 1445 dicere
1173 1404 1344 1458 aliquid
1363 1411 1409 1445 et

85 1463 141 1501 de
161 1461 346 1514 ingenio
366 1473 467 1501 meo
482 1493 491 1511 ,
518 1474 703 1502 munere
736 1470 837 1511 tuo,
864 1462 909 1500 in
929 1461 1090 1514 quibus
1109 1473 1135 1500 a
1150 1473 1220 1500 me
1243 1461 1405 1500 delira-

84 1519 249 1557 mentis
274 1517 578 1557 adterebatur.
638 1517 987 1571 proponebatur
1005 1518 1123 1556 enim
1139 1514 1246 1556 mihi
1266 1528 1405 1569 nego-

82 1573 197 1612 tium
217 1573 391 1612 animae
408 1585 537 1612 meae
557 1574 666 1613 satis
684 1574 952 1627 inquietum,
972 1573 1173 1625 praemio
1192 1572 1339 1611 laudis
1360 1577 1406 1611 et

86 1628 350 1677 dedecoris,
387 1629 461 1667 vel
499 1629 734 1681 plagarum
768 1634 910 1678 metu,
954 1634 1004 1667 ut
1038 1628 1235 1667 dicerem
1266 1626 1405 1666 verba

85 1683 275 1722 Iunonis
293 1683 533 1724 irascentis
554 1690 599 1723 et
617 1684 834 1733 dolentis,
855 1684 975 1736 quod
992 1695 1081 1722 non
1098 1687 1257 1736 posset
1272 1682 1404 1722 Italia

84 1740 366 1779 Teucrorum
381 1744 585 1779 avertere
603 1751 773 1792 regem,
792 1752 904 1791 quae
928 1750 1168 1790 numquam
1185 1738 1402 1777 Iunonem

85 1794 256 1835 dixisse
273 1793 522 1833 audieram:
543 1796 623 1834 sed
638 1795 951 1847 figmentorum
964 1793 1247 1846 poeticorum
1265 1794 1400 1832 vesti-

85 1850 162 1902 gia
186 1853 388 1888 errantes
413 1850 542 1902 sequi
566 1851 860 1903 cogebamur,
888 1854 932 1888 et
949 1849 1038 1888 tale
1059 1849 1228 1901 aliquid
1247 1849 1398 1888 dicere

84 1905 248 1944 solutis
274 1904 438 1951 verbis,
459 1905 589 1958 quale
608 1907 744 1958 poeta
762 1905 953 1944 dixisset
968 1904 1187 1943 versibus.
1246 1904 1304 1943 Et
1320 1903 1398 1942 ille

86 1959 267 1999 dicebat
283 1959 555 1999 laudabilius
568 1991 578 2009 ‚
596 1961 642 2000 in
661 1973 748 2013 quo
766 1972 847 2015 pro
869 1960 1087 2013 dignitate
1108 1958 1397 1998 adumbratae

82 2027 329 2069 personae,
355 2015 451 2054 irae
477 2028 528 2054 ac
544 2016 717 2055 doloris
738 2015 932 2055 similior
950 2014 1155 2054 adfectus
1175 2014 1401 2054 eminebat

82 2071 234 2110 verbis
259 2071 507 2110 sententias
528 2076 831 2124 congruenter
845 2070 1157 2110 vestientibus.
1217 2070 1276 2108 Ut
1292 2069 1399 2121 quid

82 2125 193 2166 mihi
216 2125 349 2172 illud,
378 2138 402 2165 o
427 2138 536 2165 vera
557 2127 651 2165 vita
673 2139 794 2175 mea,
819 2125 943 2165 Deus
968 2138 1116 2174 meus,
1144 2124 1264 2177 quod
1288 2123 1399 2163 mihi

83 2182 293 2222 recitanti
336 2181 671 2221 acclamabatur
706 2193 813 2234 prae
854 2181 1007 2221 multis
1051 2181 1312 2220 coaetaneis
1353 2186 1398 2219 et

83 2237 421 2278 conlectoribus
445 2237 584 2277 meis‘}
613 2236 772 2278 Nonne
797 2249 902 2277 ecce
919 2237 1000 2276 illa
1018 2237 1169 2276 omnia
1184 2235 1333 2276 fumus
1353 2240 1398 2275 et
