<?xml version="1.0" encoding="UTF-8"?>
<!DOCTYPE html PUBLIC "-//W3C//DTD XHTML 1.0 Transitional//EN"
    "http://www.w3.org/TR/xhtml1/DTD/xhtml1-transitional.dtd">
<html xmlns="http://www.w3.org/1999/xhtml" xml:lang="en" lang="en">
 <head>
  <title>
</title>
<meta http-equiv="Content-Type" content="text/html;charset=utf-8" />
  <meta name='ocr-system' content='tesseract 3.04.00' />
  <meta name='ocr-capabilities' content='ocr_page ocr_carea ocr_par ocr_line ocrx_word'/>
</head>
<body>
  <div class='ocr_page' id='page_1' title='image "./saureliiaugustin00augu_0274.png"; bbox 0 0 1473 2443; ppageno 0'>
   <div class='ocr_carea' id='block_1_1' title="bbox 103 106 1092 163">
    <p class='ocr_par' dir='ltr' id='par_1_1' title="bbox 103 106 1092 163">
     <span class='ocr_line' id='line_1_1' title="bbox 103 106 1092 163; baseline 0.004 -16"><span class='ocrx_word' id='word_1_1' title='bbox 103 108 186 148; x_wconf 79' lang='lat'>248</span> <span class='ocrx_word' id='word_1_2' title='bbox 433 106 704 163; x_wconf 8' lang='lat' dir='ltr'>AURELIqI</span> <span class='ocrx_word' id='word_1_3' title='bbox 731 108 1092 151; x_wconf 88' lang='lat' dir='ltr'><strong>AUGUSTINI</strong></span> 
     </span>
    </p>
   </div>
   <div class='ocr_carea' id='block_1_2' title="bbox 54 188 1473 2253">
    <p class='ocr_par' dir='ltr' id='par_1_2' title="bbox 102 188 1473 640">
     <span class='ocr_line' id='line_1_2' title="bbox 104 188 1473 247; baseline 0.004 -15"><span class='ocrx_word' id='word_1_4' title='bbox 104 193 214 233; x_wconf 90' lang='lat' dir='ltr'>dant</span> <span class='ocrx_word' id='word_1_5' title='bbox 232 205 259 233; x_wconf 94' lang='lat' dir='ltr'>a</span> <span class='ocrx_word' id='word_1_6' title='bbox 275 204 346 233; x_wconf 91' lang='lat' dir='ltr'>me</span> <span class='ocrx_word' id='word_1_7' title='bbox 367 205 538 243; x_wconf 89' lang='lat' dir='ltr'>omnes,</span> <span class='ocrx_word' id='word_1_8' title='bbox 559 194 634 247; x_wconf 91' lang='lat' dir='ltr'>qui</span> <span class='ocrx_word' id='word_1_9' title='bbox 653 206 720 244; x_wconf 88' lang='lat' dir='ltr'>ea,</span> <span class='ocrx_word' id='word_1_10' title='bbox 741 206 854 247; x_wconf 91' lang='lat' dir='ltr'>quae</span> <span class='ocrx_word' id='word_1_11' title='bbox 874 193 992 234; x_wconf 85' lang='lat' dir='ltr'>falsa</span> <span class='ocrx_word' id='word_1_12' title='bbox 1009 200 1129 246; x_wconf 88' lang='lat' dir='ltr'>sunt,</span> <span class='ocrx_word' id='word_1_13' title='bbox 1149 207 1197 236; x_wconf 93' lang='lat' dir='ltr'>se</span> <span class='ocrx_word' id='word_1_14' title='bbox 1217 195 1335 236; x_wconf 89' lang='lat' dir='ltr'>scire</span> <span class='ocrx_word' id='word_1_15' title='bbox 1354 208 1421 237; x_wconf 88' lang='lat' dir='ltr'>ar·</span> <span class='ocrx_word' id='word_1_16' title='bbox 1472 188 1473 194; x_wconf 38' lang='lat'>¹</span> 
     </span>
     <span class='ocr_line' id='line_1_3' title="bbox 102 247 1420 303; baseline 0.003 -15"><span class='ocrx_word' id='word_1_17' title='bbox 102 249 340 289; x_wconf 89' lang='lat' dir='ltr'>bitrantur.</span> <span class='ocrx_word' id='word_1_18' title='bbox 399 249 449 289; x_wconf 91' lang='lat' dir='ltr'>In</span> <span class='ocrx_word' id='word_1_19' title='bbox 467 247 554 289; x_wconf 92' lang='lat' dir='ltr'>hoc</span> <span class='ocrx_word' id='word_1_20' title='bbox 571 251 680 290; x_wconf 87' lang='lat' dir='ltr'>item</span> <span class='ocrx_word' id='word_1_21' title='bbox 699 250 843 291; x_wconf 91' lang='lat' dir='ltr'>altero</span> <span class='ocrx_word' id='word_1_22' title='bbox 865 250 1102 291; x_wconf 82' lang='lat' dir='ltr'>discedant</span> <span class='ocrx_word' id='word_1_23' title='bbox 1118 264 1144 291; x_wconf 90' lang='lat' dir='ltr'>a</span> <span class='ocrx_word' id='word_1_24' title='bbox 1160 264 1230 292; x_wconf 90' lang='lat' dir='ltr'>me</span> <span class='ocrx_word' id='word_1_25' title='bbox 1248 264 1420 303; x_wconf 92' lang='lat' dir='ltr'>omnes,</span> 
     </span>
     <span class='ocr_line' id='line_1_4' title="bbox 102 304 1419 360; baseline 0.002 -15"><span class='ocrx_word' id='word_1_26' title='bbox 102 306 179 358; x_wconf 92' lang='lat' dir='ltr'>qui</span> <span class='ocrx_word' id='word_1_27' title='bbox 202 317 278 354; x_wconf 86' lang='lat' dir='ltr'>ea,</span> <span class='ocrx_word' id='word_1_28' title='bbox 306 317 421 358; x_wconf 88' lang='lat' dir='ltr'>quae</span> <span class='ocrx_word' id='word_1_29' title='bbox 444 304 563 345; x_wconf 85' lang='lat' dir='ltr'>falsa</span> <span class='ocrx_word' id='word_1_30' title='bbox 580 312 703 356; x_wconf 90' lang='lat' dir='ltr'>sunt,</span> <span class='ocrx_word' id='word_1_31' title='bbox 722 307 919 360; x_wconf 82' lang='lat' dir='ltr'>Moysen</span> <span class='ocrx_word' id='word_1_32' title='bbox 938 307 1108 347; x_wconf 84' lang='lat' dir='ltr'>dixisse</span> <span class='ocrx_word' id='word_1_33' title='bbox 1128 308 1419 349; x_wconf 82' lang='lat' dir='ltr'><strong>arbitrantur.</strong></span> 
     </span>
     <span class='ocr_line' id='line_1_5' title="bbox 102 361 1421 414; baseline 0.002 -14"><span class='ocrx_word' id='word_1_34' title='bbox 102 361 365 414; x_wconf 84' lang='lat' dir='ltr'>Coniungar</span> <span class='ocrx_word' id='word_1_35' title='bbox 396 366 547 402; x_wconf 89' lang='lat' dir='ltr'>autem</span> <span class='ocrx_word' id='word_1_36' title='bbox 580 363 695 412; x_wconf 89' lang='lat' dir='ltr'>illis,</span> <span class='ocrx_word' id='word_1_37' title='bbox 728 362 944 414; x_wconf 84' lang='lat' dir='ltr'>Domine,</span> <span class='ocrx_word' id='word_1_38' title='bbox 976 364 1023 403; x_wconf 92' lang='lat' dir='ltr'>in</span> <span class='ocrx_word' id='word_1_39' title='bbox 1045 368 1111 413; x_wconf 91' lang='lat' dir='ltr'>te,</span> <span class='ocrx_word' id='word_1_40' title='bbox 1147 369 1192 404; x_wconf 91' lang='lat' dir='ltr'>et</span> <span class='ocrx_word' id='word_1_41' title='bbox 1218 364 1421 404; x_wconf 82' lang='lat' dir='ltr'>delecter</span> 
     </span>
     <span class='ocr_line' id='line_1_6' title="bbox 103 417 1415 472; baseline 0.002 -15"><span class='ocrx_word' id='word_1_42' title='bbox 103 429 204 457; x_wconf 90' lang='lat' dir='ltr'>cum</span> <span class='ocrx_word' id='word_1_43' title='bbox 238 417 304 457; x_wconf 85' lang='lat' dir='ltr'>eis</span> <span class='ocrx_word' id='word_1_44' title='bbox 329 417 377 457; x_wconf 88' lang='lat' dir='ltr'>in</span> <span class='ocrx_word' id='word_1_45' title='bbox 399 422 467 468; x_wconf 91' lang='lat' dir='ltr'>te,</span> <span class='ocrx_word' id='word_1_46' title='bbox 503 419 580 471; x_wconf 89' lang='lat' dir='ltr'>qui</span> <span class='ocrx_word' id='word_1_47' title='bbox 604 420 796 459; x_wconf 84' lang='lat' dir='ltr'>veritate</span> <span class='ocrx_word' id='word_1_48' title='bbox 821 423 901 459; x_wconf 86' lang='lat' dir='ltr'>tua</span> <span class='ocrx_word' id='word_1_49' title='bbox 924 424 1171 472; x_wconf 90' lang='lat' dir='ltr'>pascuntur</span> <span class='ocrx_word' id='word_1_50' title='bbox 1194 420 1240 459; x_wconf 90' lang='lat' dir='ltr'>in</span> <span class='ocrx_word' id='word_1_51' title='bbox 1266 420 1415 460; x_wconf 90' lang='lat' dir='ltr'>latitu-</span> 
     </span>
     <span class='ocr_line' id='line_1_7' title="bbox 104 473 1418 524; baseline 0.003 -13"><span class='ocrx_word' id='word_1_52' title='bbox 104 473 208 512; x_wconf 86' lang='lat' dir='ltr'>dine</span> <span class='ocrx_word' id='word_1_53' title='bbox 227 473 452 523; x_wconf 90' lang='lat' dir='ltr'>caritatis,</span> <span class='ocrx_word' id='word_1_54' title='bbox 480 480 526 514; x_wconf 88' lang='lat' dir='ltr'>et</span> <span class='ocrx_word' id='word_1_55' title='bbox 545 474 813 515; x_wconf 83' lang='lat' dir='ltr'>accedamus</span> <span class='ocrx_word' id='word_1_56' title='bbox 833 474 966 514; x_wconf 89' lang='lat' dir='ltr'>simul</span> <span class='ocrx_word' id='word_1_57' title='bbox 984 476 1039 515; x_wconf 89' lang='lat' dir='ltr'>ad</span> <span class='ocrx_word' id='word_1_58' title='bbox 1057 476 1197 515; x_wconf 80' lang='lat' dir='ltr'>verba</span> <span class='ocrx_word' id='word_1_59' title='bbox 1213 475 1319 515; x_wconf 89' lang='lat' dir='ltr'><strong>libri</strong></span> <span class='ocrx_word' id='word_1_60' title='bbox 1336 476 1418 524; x_wconf 90' lang='lat' dir='ltr'>tui,</span> 
     </span>
     <span class='ocr_line' id='line_1_8' title="bbox 103 529 1420 583; baseline 0.002 -15"><span class='ocrx_word' id='word_1_61' title='bbox 103 534 149 569; x_wconf 92' lang='lat' dir='ltr'>et</span> <span class='ocrx_word' id='word_1_62' title='bbox 172 539 441 582; x_wconf 81' lang='lat' dir='ltr'><strong>quaeramus</strong></span> <span class='ocrx_word' id='word_1_63' title='bbox 458 529 504 570; x_wconf 91' lang='lat' dir='ltr'>in</span> <span class='ocrx_word' id='word_1_64' title='bbox 523 531 588 571; x_wconf 87' lang='lat' dir='ltr'>eis</span> <span class='ocrx_word' id='word_1_65' title='bbox 606 531 886 571; x_wconf 87' lang='lat' dir='ltr'>voluntatem</span> <span class='ocrx_word' id='word_1_66' title='bbox 901 535 1025 570; x_wconf 89' lang='lat' dir='ltr'>tuam</span> <span class='ocrx_word' id='word_1_67' title='bbox 1043 543 1123 583; x_wconf 87' lang='lat' dir='ltr'>per</span> <span class='ocrx_word' id='word_1_68' title='bbox 1141 532 1420 572; x_wconf 86' lang='lat' dir='ltr'>voluntatem</span> 
     </span>
     <span class='ocr_line' id='line_1_9' title="bbox 104 584 1086 640; baseline 0.001 -15"><span class='ocrx_word' id='word_1_69' title='bbox 104 584 261 625; x_wconf 87' lang='lat' dir='ltr'>famuli</span> <span class='ocrx_word' id='word_1_70' title='bbox 278 585 360 634; x_wconf 88' lang='lat' dir='ltr'>tui,</span> <span class='ocrx_word' id='word_1_71' title='bbox 381 586 508 626; x_wconf 90' lang='lat' dir='ltr'>cuius</span> <span class='ocrx_word' id='word_1_72' title='bbox 529 587 702 626; x_wconf 91' lang='lat' dir='ltr'>calamo</span> <span class='ocrx_word' id='word_1_73' title='bbox 724 586 1000 640; x_wconf 79' lang='lat' dir='ltr'>dispensasti</span> <span class='ocrx_word' id='word_1_74' title='bbox 1020 599 1086 627; x_wconf 88' lang='lat' dir='ltr'>ea.</span> 
     </span>
    </p>

    <p class='ocr_par' dir='ltr' id='par_1_3' title="bbox 54 639 1445 2128">
     <span class='ocr_line' id='line_1_10' title="bbox 54 639 1419 696; baseline 0.001 -17"><span class='ocrx_word' id='word_1_75' title='bbox 54 646 57 650; x_wconf 77' lang='grc'>’</span> <span class='ocrx_word' id='word_1_76' title='bbox 187 640 234 680; x_wconf 85' lang='lat' dir='ltr'>C.</span> <span class='ocrx_word' id='word_1_77' title='bbox 259 639 424 681; x_wconf 88' lang='lat' dir='ltr'><strong>XXIV.</strong></span> <span class='ocrx_word' id='word_1_78' title='bbox 485 640 577 683; x_wconf 88' lang='lat' dir='ltr'>Sed</span> <span class='ocrx_word' id='word_1_79' title='bbox 599 642 699 696; x_wconf 89' lang='lat' dir='ltr'>quis</span> <span class='ocrx_word' id='word_1_80' title='bbox 722 647 928 682; x_wconf 90' lang='lat' dir='ltr'>nostrum</span> <span class='ocrx_word' id='word_1_81' title='bbox 951 642 1017 682; x_wconf 91' lang='lat' dir='ltr'>sic</span> <span class='ocrx_word' id='word_1_82' title='bbox 1039 643 1212 682; x_wconf 81' lang='lat' dir='ltr'>invenit</span> <span class='ocrx_word' id='word_1_83' title='bbox 1235 654 1332 681; x_wconf 84' lang='lat' dir='ltr'>eam</span> <span class='ocrx_word' id='word_1_84' title='bbox 1355 644 1419 682; x_wconf 89' lang='lat' dir='ltr'>in-</span> 
     </span>
     <span class='ocr_line' id='line_1_11' title="bbox 103 696 1419 752; baseline 0.002 -17"><span class='ocrx_word' id='word_1_85' title='bbox 103 702 175 736; x_wconf 83' lang='lat' dir='ltr'>ter</span> <span class='ocrx_word' id='word_1_86' title='bbox 197 702 289 735; x_wconf 89' lang='lat' dir='ltr'>tam</span> <span class='ocrx_word' id='word_1_87' title='bbox 311 696 455 737; x_wconf 87' lang='lat' dir='ltr'>multa</span> <span class='ocrx_word' id='word_1_88' title='bbox 476 709 607 748; x_wconf 90' lang='lat' dir='ltr'>vera,</span> <span class='ocrx_word' id='word_1_89' title='bbox 635 709 750 752; x_wconf 88' lang='lat' dir='ltr'>quae</span> <span class='ocrx_word' id='word_1_90' title='bbox 774 698 820 737; x_wconf 90' lang='lat' dir='ltr'>in</span> <span class='ocrx_word' id='word_1_91' title='bbox 841 698 935 738; x_wconf 88' lang='lat' dir='ltr'>illis</span> <span class='ocrx_word' id='word_1_92' title='bbox 959 698 1109 738; x_wconf 89' lang='lat' dir='ltr'>verbis</span> <span class='ocrx_word' id='word_1_93' title='bbox 1134 698 1266 738; x_wconf 89' lang='lat' dir='ltr'>aliter</span> <span class='ocrx_word' id='word_1_94' title='bbox 1285 703 1419 751; x_wconf 88' lang='lat' dir='ltr'>atque</span> 
     </span>
     <span class='ocr_line' id='line_1_12' title="bbox 103 752 1421 807; baseline 0.002 -16"><span class='ocrx_word' id='word_1_95' title='bbox 103 752 238 792; x_wconf 91' lang='lat' dir='ltr'>aliter</span> <span class='ocrx_word' id='word_1_96' title='bbox 272 752 520 793; x_wconf 83' lang='lat' dir='ltr'>intellectis</span> <span class='ocrx_word' id='word_1_97' title='bbox 547 759 792 794; x_wconf 91' lang='lat' dir='ltr'>occurrunt</span> <span class='ocrx_word' id='word_1_98' title='bbox 814 754 1155 807; x_wconf 82' lang='lat' dir='ltr'>quaerentibus,</span> <span class='ocrx_word' id='word_1_99' title='bbox 1187 759 1237 793; x_wconf 89' lang='lat' dir='ltr'>ut</span> <span class='ocrx_word' id='word_1_100' title='bbox 1258 758 1349 793; x_wconf 89' lang='lat' dir='ltr'>tam</span> <span class='ocrx_word' id='word_1_101' title='bbox 1374 753 1421 792; x_wconf 89' lang='lat' dir='ltr'>fi·</span> 
     </span>
     <span class='ocr_line' id='line_1_13' title="bbox 105 807 1423 863; baseline 0.001 -16"><span class='ocrx_word' id='word_1_102' title='bbox 105 808 266 847; x_wconf 88' lang='lat' dir='ltr'>denter</span> <span class='ocrx_word' id='word_1_103' title='bbox 293 807 416 849; x_wconf 86' lang='lat' dir='ltr'>dicat</span> <span class='ocrx_word' id='word_1_104' title='bbox 438 807 526 849; x_wconf 92' lang='lat' dir='ltr'>hoc</span> <span class='ocrx_word' id='word_1_105' title='bbox 551 810 751 850; x_wconf 87' lang='lat' dir='ltr'>sensisse</span> <span class='ocrx_word' id='word_1_106' title='bbox 774 810 991 862; x_wconf 84' lang='lat' dir='ltr'>Moysen,</span> <span class='ocrx_word' id='word_1_107' title='bbox 1017 816 1151 863; x_wconf 89' lang='lat' dir='ltr'>atque</span> <span class='ocrx_word' id='word_1_108' title='bbox 1176 807 1262 849; x_wconf 89' lang='lat' dir='ltr'>hoc</span> <span class='ocrx_word' id='word_1_109' title='bbox 1279 809 1325 849; x_wconf 90' lang='lat' dir='ltr'>in</span> <span class='ocrx_word' id='word_1_110' title='bbox 1342 809 1423 848; x_wconf 87' lang='lat' dir='ltr'>illa</span> 
     </span>
     <span class='ocr_line' id='line_1_14' title="bbox 104 863 1422 919; baseline 0.001 -17"><span class='ocrx_word' id='word_1_111' title='bbox 104 863 367 904; x_wconf 87' lang='lat' dir='ltr'>narratione</span> <span class='ocrx_word' id='word_1_112' title='bbox 405 864 609 906; x_wconf 88' lang='lat' dir='ltr'>voluisse</span> <span class='ocrx_word' id='word_1_113' title='bbox 645 865 866 919; x_wconf 82' lang='lat' dir='ltr'>intelligi,</span> <span class='ocrx_word' id='word_1_114' title='bbox 912 878 1046 918; x_wconf 91' lang='lat' dir='ltr'>quam</span> <span class='ocrx_word' id='word_1_115' title='bbox 1084 865 1279 905; x_wconf 87' lang='lat' dir='ltr'>fidenter</span> <span class='ocrx_word' id='word_1_116' title='bbox 1311 864 1422 904; x_wconf 92' lang='lat' dir='ltr'>dicit</span> 
     </span>
     <span class='ocr_line' id='line_1_15' title="bbox 104 917 1424 971; baseline 0.002 -14"><span class='ocrx_word' id='word_1_117' title='bbox 104 917 194 958; x_wconf 89' lang='lat' dir='ltr'>hoc</span> <span class='ocrx_word' id='word_1_118' title='bbox 224 931 381 959; x_wconf 87' lang='lat' dir='ltr'>verum</span> <span class='ocrx_word' id='word_1_119' title='bbox 409 932 532 971; x_wconf 91' lang='lat' dir='ltr'>esse,</span> <span class='ocrx_word' id='word_1_120' title='bbox 566 922 661 961; x_wconf 86' lang='lat' dir='ltr'>sive</span> <span class='ocrx_word' id='word_1_121' title='bbox 691 921 770 961; x_wconf 92' lang='lat' dir='ltr'>ille</span> <span class='ocrx_word' id='word_1_122' title='bbox 796 920 883 961; x_wconf 92' lang='lat' dir='ltr'>hoc</span> <span class='ocrx_word' id='word_1_123' title='bbox 907 921 1124 971; x_wconf 88' lang='lat' dir='ltr'>senserit,</span> <span class='ocrx_word' id='word_1_124' title='bbox 1156 921 1251 962; x_wconf 79' lang='lat' dir='ltr'>sive</span> <span class='ocrx_word' id='word_1_125' title='bbox 1274 920 1424 961; x_wconf 67' lang='lat' dir='ltr'>aliud‘}</span> 
     </span>
     <span class='ocr_line' id='line_1_16' title="bbox 104 973 1423 1031; baseline 0.002 -18"><span class='ocrx_word' id='word_1_126' title='bbox 104 973 224 1014; x_wconf 91' lang='lat' dir='ltr'>Ecce</span> <span class='ocrx_word' id='word_1_127' title='bbox 245 975 377 1025; x_wconf 90' lang='lat' dir='ltr'>enim,</span> <span class='ocrx_word' id='word_1_128' title='bbox 401 974 527 1016; x_wconf 89' lang='lat' dir='ltr'>Deus</span> <span class='ocrx_word' id='word_1_129' title='bbox 545 989 692 1027; x_wconf 89' lang='lat' dir='ltr'>meus,</span> <span class='ocrx_word' id='word_1_130' title='bbox 723 989 809 1031; x_wconf 82' lang='lat' dir='ltr'>ego</span> <span class='ocrx_word' id='word_1_131' title='bbox 830 988 987 1016; x_wconf 88' lang='lat' dir='ltr'>servus</span> <span class='ocrx_word' id='word_1_132' title='bbox 1005 981 1109 1017; x_wconf 89' lang='lat' dir='ltr'>tuus</span> <span class='ocrx_word' id='word_1_133' title='bbox 1122 1007 1133 1027; x_wconf 92' lang='lat'><em>‚</em></span> <span class='ocrx_word' id='word_1_134' title='bbox 1153 976 1231 1031; x_wconf 91' lang='lat' dir='ltr'>qui</span> <span class='ocrx_word' id='word_1_135' title='bbox 1248 976 1354 1017; x_wconf 79' lang='lat' dir='ltr'>vovi</span> <span class='ocrx_word' id='word_1_136' title='bbox 1369 976 1423 1016; x_wconf 87' lang='lat' dir='ltr'>ti-</span> 
     </span>
     <span class='ocr_line' id='line_1_17' title="bbox 102 1029 1425 1083; baseline 0.003 -15"><span class='ocrx_word' id='word_1_137' title='bbox 102 1029 151 1068; x_wconf 91' lang='lat' dir='ltr'>bi</span> <span class='ocrx_word' id='word_1_138' title='bbox 170 1029 442 1071; x_wconf 89' lang='lat' dir='ltr'>sacrificium</span> <span class='ocrx_word' id='word_1_139' title='bbox 461 1031 767 1072; x_wconf 85' lang='lat' dir='ltr'>confessionis</span> <span class='ocrx_word' id='word_1_140' title='bbox 785 1032 831 1071; x_wconf 91' lang='lat' dir='ltr'>in</span> <span class='ocrx_word' id='word_1_141' title='bbox 849 1030 918 1072; x_wconf 89' lang='lat' dir='ltr'>his</span> <span class='ocrx_word' id='word_1_142' title='bbox 936 1032 1099 1083; x_wconf 88' lang='lat' dir='ltr'>literis,</span> <span class='ocrx_word' id='word_1_143' title='bbox 1119 1038 1165 1073; x_wconf 89' lang='lat' dir='ltr'>et</span> <span class='ocrx_word' id='word_1_144' title='bbox 1184 1044 1282 1082; x_wconf 93' lang='lat' dir='ltr'>oro,</span> <span class='ocrx_word' id='word_1_145' title='bbox 1300 1036 1350 1072; x_wconf 91' lang='lat' dir='ltr'>ut</span> <span class='ocrx_word' id='word_1_146' title='bbox 1368 1043 1425 1073; x_wconf 83' lang='lat' dir='ltr'>ex</span> 
     </span>
     <span class='ocr_line' id='line_1_18' title="bbox 103 1084 1422 1141; baseline 0.003 -17"><span class='ocrx_word' id='word_1_147' title='bbox 103 1084 426 1126; x_wconf 87' lang='lat' dir='ltr'>misericordia</span> <span class='ocrx_word' id='word_1_148' title='bbox 455 1091 535 1127; x_wconf 92' lang='lat' dir='ltr'>tua</span> <span class='ocrx_word' id='word_1_149' title='bbox 565 1087 753 1128; x_wconf 89' lang='lat' dir='ltr'>reddam</span> <span class='ocrx_word' id='word_1_150' title='bbox 775 1087 860 1127; x_wconf 88' lang='lat' dir='ltr'>tibi</span> <span class='ocrx_word' id='word_1_151' title='bbox 881 1092 991 1127; x_wconf 83' lang='lat' dir='ltr'>vota</span> <span class='ocrx_word' id='word_1_152' title='bbox 1014 1100 1129 1128; x_wconf 85' lang='lat' dir='ltr'>mea.</span> <span class='ocrx_word' id='word_1_153' title='bbox 1189 1088 1309 1128; x_wconf 86' lang='lat' dir='ltr'>Ecce</span> <span class='ocrx_word' id='word_1_154' title='bbox 1334 1099 1422 1141; x_wconf 85' lang='lat' dir='ltr'>ego</span> 
     </span>
     <span class='ocr_line' id='line_1_19' title="bbox 106 1140 1426 1194; baseline 0.004 -15"><span class='ocrx_word' id='word_1_155' title='bbox 106 1152 239 1194; x_wconf 89' lang='lat' dir='ltr'>quam</span> <span class='ocrx_word' id='word_1_156' title='bbox 280 1140 474 1182; x_wconf 87' lang='lat' dir='ltr'>fidenter</span> <span class='ocrx_word' id='word_1_157' title='bbox 510 1143 633 1192; x_wconf 90' lang='lat' dir='ltr'>dico,</span> <span class='ocrx_word' id='word_1_158' title='bbox 670 1143 718 1182; x_wconf 90' lang='lat' dir='ltr'>in</span> <span class='ocrx_word' id='word_1_159' title='bbox 753 1147 832 1183; x_wconf 92' lang='lat' dir='ltr'>tuo</span> <span class='ocrx_word' id='word_1_160' title='bbox 868 1141 1023 1183; x_wconf 91' lang='lat' dir='ltr'>Verbo</span> <span class='ocrx_word' id='word_1_161' title='bbox 1063 1142 1426 1184; x_wconf 86' lang='lat' dir='ltr'>incommutabili</span> 
     </span>
     <span class='ocr_line' id='line_1_20' title="bbox 106 1195 1424 1254; baseline 0.004 -19"><span class='ocrx_word' id='word_1_162' title='bbox 106 1196 258 1236; x_wconf 87' lang='lat' dir='ltr'>omnia</span> <span class='ocrx_word' id='word_1_163' title='bbox 273 1201 319 1237; x_wconf 90' lang='lat' dir='ltr'>te</span> <span class='ocrx_word' id='word_1_164' title='bbox 336 1195 520 1248; x_wconf 86' lang='lat' dir='ltr'>fecisse,</span> <span class='ocrx_word' id='word_1_165' title='bbox 537 1198 786 1239; x_wconf 89' lang='lat' dir='ltr'>invisibilia</span> <span class='ocrx_word' id='word_1_166' title='bbox 803 1204 849 1239; x_wconf 92' lang='lat' dir='ltr'>et</span> <span class='ocrx_word' id='word_1_167' title='bbox 864 1198 1079 1248; x_wconf 79' lang='lat' dir='ltr'>visibilia,</span> <span class='ocrx_word' id='word_1_168' title='bbox 1099 1199 1316 1254; x_wconf 92' lang='lat' dir='ltr'>numquid</span> <span class='ocrx_word' id='word_1_169' title='bbox 1332 1203 1424 1240; x_wconf 90' lang='lat' dir='ltr'>tam</span> 
     </span>
     <span class='ocr_line' id='line_1_21' title="bbox 106 1251 1423 1309; baseline 0.003 -18"><span class='ocrx_word' id='word_1_170' title='bbox 106 1251 301 1292; x_wconf 88' lang='lat' dir='ltr'>fidenter</span> <span class='ocrx_word' id='word_1_171' title='bbox 322 1252 425 1293; x_wconf 90' lang='lat' dir='ltr'>dico</span> <span class='ocrx_word' id='word_1_172' title='bbox 439 1284 450 1303; x_wconf 90' lang='lat'>‚</span> <span class='ocrx_word' id='word_1_173' title='bbox 475 1266 566 1293; x_wconf 92' lang='lat' dir='ltr'>non</span> <span class='ocrx_word' id='word_1_174' title='bbox 583 1254 728 1304; x_wconf 89' lang='lat' dir='ltr'>aliud,</span> <span class='ocrx_word' id='word_1_175' title='bbox 756 1267 888 1307; x_wconf 90' lang='lat' dir='ltr'>quam</span> <span class='ocrx_word' id='word_1_176' title='bbox 906 1252 993 1295; x_wconf 89' lang='lat' dir='ltr'>hoc</span> <span class='ocrx_word' id='word_1_177' title='bbox 1011 1254 1273 1295; x_wconf 89' lang='lat' dir='ltr'>adtendisse</span> <span class='ocrx_word' id='word_1_178' title='bbox 1290 1254 1423 1309; x_wconf 89' lang='lat' dir='ltr'>Moy-</span> 
     </span>
     <span class='ocr_line' id='line_1_22' title="bbox 104 1308 1423 1366; baseline 0.003 -19"><span class='ocrx_word' id='word_1_179' title='bbox 104 1319 206 1357; x_wconf 90' lang='lat' dir='ltr'>sen,</span> <span class='ocrx_word' id='word_1_180' title='bbox 227 1320 328 1348; x_wconf 91' lang='lat' dir='ltr'>cum</span> <span class='ocrx_word' id='word_1_181' title='bbox 347 1310 589 1350; x_wconf 87' lang='lat' dir='ltr'>scriberet:</span> <span class='ocrx_word' id='word_1_182' title='bbox 621 1309 668 1350; x_wconf 84' lang='lat' dir='ltr'>in</span> <span class='ocrx_word' id='word_1_183' title='bbox 688 1309 1042 1366; x_wconf 78' lang='lat' dir='ltr'>principiofecit</span> <span class='ocrx_word' id='word_1_184' title='bbox 1057 1308 1179 1351; x_wconf 81' lang='lat' dir='ltr'>Deus</span> <span class='ocrx_word' id='word_1_185' title='bbox 1198 1310 1362 1351; x_wconf 76' lang='lat' dir='ltr'>coelam</span> <span class='ocrx_word' id='word_1_186' title='bbox 1380 1315 1423 1351; x_wconf 84' lang='lat' dir='ltr'>et</span> 
     </span>
     <span class='ocr_line' id='line_1_23' title="bbox 103 1364 1423 1418; baseline 0.003 -15"><span class='ocrx_word' id='word_1_187' title='bbox 103 1369 268 1403; x_wconf 83' lang='lat' dir='ltr'>terram</span> <span class='ocrx_word' id='word_1_188' title='bbox 275 1377 296 1413; x_wconf 89' lang='lat'><em>;</em></span> <span class='ocrx_word' id='word_1_189' title='bbox 326 1365 432 1418; x_wconf 90' lang='lat' dir='ltr'>quia</span> <span class='ocrx_word' id='word_1_190' title='bbox 463 1377 555 1406; x_wconf 91' lang='lat' dir='ltr'>non</span> <span class='ocrx_word' id='word_1_191' title='bbox 587 1366 706 1406; x_wconf 89' lang='lat' dir='ltr'>sicut</span> <span class='ocrx_word' id='word_1_192' title='bbox 737 1367 784 1405; x_wconf 90' lang='lat' dir='ltr'>in</span> <span class='ocrx_word' id='word_1_193' title='bbox 819 1371 899 1406; x_wconf 90' lang='lat' dir='ltr'>tua</span> <span class='ocrx_word' id='word_1_194' title='bbox 921 1366 1114 1407; x_wconf 77' lang='lat' dir='ltr'>veritate</span> <span class='ocrx_word' id='word_1_195' title='bbox 1139 1364 1226 1407; x_wconf 90' lang='lat' dir='ltr'>hoc</span> <span class='ocrx_word' id='word_1_196' title='bbox 1249 1371 1423 1407; x_wconf 88' lang='lat' dir='ltr'>certum</span> 
     </span>
     <span class='ocr_line' id='line_1_24' title="bbox 101 1418 1423 1476; baseline 0.003 -18"><span class='ocrx_word' id='word_1_197' title='bbox 101 1418 259 1470; x_wconf 87' lang='lat' dir='ltr'>video,</span> <span class='ocrx_word' id='word_1_198' title='bbox 278 1420 344 1460; x_wconf 91' lang='lat' dir='ltr'>ita</span> <span class='ocrx_word' id='word_1_199' title='bbox 360 1420 405 1460; x_wconf 90' lang='lat' dir='ltr'>in</span> <span class='ocrx_word' id='word_1_200' title='bbox 424 1422 522 1461; x_wconf 86' lang='lat' dir='ltr'>eius</span> <span class='ocrx_word' id='word_1_201' title='bbox 540 1426 690 1462; x_wconf 89' lang='lat' dir='ltr'>mente</span> <span class='ocrx_word' id='word_1_202' title='bbox 709 1422 842 1462; x_wconf 81' lang='lat' dir='ltr'>video</span> <span class='ocrx_word' id='word_1_203' title='bbox 864 1422 911 1462; x_wconf 91' lang='lat' dir='ltr'>id</span> <span class='ocrx_word' id='word_1_204' title='bbox 930 1433 1030 1463; x_wconf 92' lang='lat' dir='ltr'>eum</span> <span class='ocrx_word' id='word_1_205' title='bbox 1050 1423 1301 1476; x_wconf 81' lang='lat' dir='ltr'>cogitasse,</span> <span class='ocrx_word' id='word_1_206' title='bbox 1321 1434 1423 1462; x_wconf 92' lang='lat' dir='ltr'>cum</span> 
     </span>
     <span class='ocr_line' id='line_1_25' title="bbox 103 1473 1422 1531; baseline 0.003 -17"><span class='ocrx_word' id='word_1_207' title='bbox 103 1473 216 1515; x_wconf 90' lang='lat' dir='ltr'>haec</span> <span class='ocrx_word' id='word_1_208' title='bbox 234 1476 482 1517; x_wconf 66' lang='lat' dir='ltr'>scriberetit</span> <span class='ocrx_word' id='word_1_209' title='bbox 502 1477 662 1518; x_wconf 90' lang='lat' dir='ltr'>Potuit</span> <span class='ocrx_word' id='word_1_210' title='bbox 681 1479 799 1518; x_wconf 90' lang='lat' dir='ltr'>enim</span> <span class='ocrx_word' id='word_1_211' title='bbox 818 1478 1024 1531; x_wconf 84' lang='lat' dir='ltr'>cogitare</span> <span class='ocrx_word' id='word_1_212' title='bbox 1041 1479 1201 1530; x_wconf 86' lang='lat' dir='ltr'>inipso</span> <span class='ocrx_word' id='word_1_213' title='bbox 1221 1477 1422 1518; x_wconf 84' lang='lat' dir='ltr'>faciendi</span> 
     </span>
     <span class='ocr_line' id='line_1_26' title="bbox 104 1531 1419 1587; baseline 0.002 -17"><span class='ocrx_word' id='word_1_214' title='bbox 104 1531 295 1572; x_wconf 85' lang='lat' dir='ltr'>exordio</span> <span class='ocrx_word' id='word_1_215' title='bbox 321 1544 422 1572; x_wconf 88' lang='lat' dir='ltr'>cum</span> <span class='ocrx_word' id='word_1_216' title='bbox 446 1533 638 1574; x_wconf 88' lang='lat' dir='ltr'>diceret:</span> <span class='ocrx_word' id='word_1_217' title='bbox 669 1532 716 1573; x_wconf 84' lang='lat' dir='ltr'>in</span> <span class='ocrx_word' id='word_1_218' title='bbox 731 1533 986 1587; x_wconf 48' lang='lat' dir='ltr'>principi&amp;</span> <span class='ocrx_word' id='word_1_219' title='bbox 1014 1535 1166 1586; x_wconf 88' lang='lat' dir='ltr'>potuit</span> <span class='ocrx_word' id='word_1_220' title='bbox 1189 1539 1235 1574; x_wconf 91' lang='lat' dir='ltr'>et</span> <span class='ocrx_word' id='word_1_221' title='bbox 1257 1534 1419 1574; x_wconf 75' lang='lat' dir='ltr'>coelum</span> 
     </span>
     <span class='ocr_line' id='line_1_27' title="bbox 101 1586 1419 1641; baseline 0.002 -16"><span class='ocrx_word' id='word_1_222' title='bbox 101 1592 145 1626; x_wconf 83' lang='lat' dir='ltr'>et</span> <span class='ocrx_word' id='word_1_223' title='bbox 169 1592 333 1627; x_wconf 79' lang='lat' dir='ltr'>terram</span> <span class='ocrx_word' id='word_1_224' title='bbox 362 1586 448 1628; x_wconf 85' lang='lat' dir='ltr'>hoc</span> <span class='ocrx_word' id='word_1_225' title='bbox 471 1588 575 1629; x_wconf 93' lang='lat' dir='ltr'>loco</span> <span class='ocrx_word' id='word_1_226' title='bbox 600 1589 769 1629; x_wconf 90' lang='lat' dir='ltr'>nullam</span> <span class='ocrx_word' id='word_1_227' title='bbox 784 1589 875 1628; x_wconf 88' lang='lat' dir='ltr'>iam</span> <span class='ocrx_word' id='word_1_228' title='bbox 893 1588 1133 1629; x_wconf 86' lang='lat' dir='ltr'>formatam</span> <span class='ocrx_word' id='word_1_229' title='bbox 1150 1588 1419 1641; x_wconf 87' lang='lat' dir='ltr'>perfectam-</span> 
     </span>
     <span class='ocr_line' id='line_1_28' title="bbox 103 1644 1418 1698; baseline 0.002 -17"><span class='ocrx_word' id='word_1_230' title='bbox 103 1654 189 1695; x_wconf 91' lang='lat' dir='ltr'>que</span> <span class='ocrx_word' id='word_1_231' title='bbox 215 1647 441 1693; x_wconf 79' lang='lat' dir='ltr'>naturam,</span> <span class='ocrx_word' id='word_1_232' title='bbox 474 1646 570 1684; x_wconf 70' lang='lat' dir='ltr'>sive</span> <span class='ocrx_word' id='word_1_233' title='bbox 595 1645 848 1698; x_wconf 90' lang='lat' dir='ltr'>spiritalem</span> <span class='ocrx_word' id='word_1_234' title='bbox 872 1646 968 1685; x_wconf 87' lang='lat' dir='ltr'>sive</span> <span class='ocrx_word' id='word_1_235' title='bbox 996 1644 1302 1697; x_wconf 87' lang='lat' dir='ltr'>corporalem,</span> <span class='ocrx_word' id='word_1_236' title='bbox 1336 1644 1418 1684; x_wconf 91' lang='lat' dir='ltr'>sed</span> 
     </span>
     <span class='ocr_line' id='line_1_29' title="bbox 98 1697 1417 1750; baseline 0.004 -14"><span class='ocrx_word' id='word_1_237' title='bbox 98 1702 336 1750; x_wconf 87' lang='lat' dir='ltr'>utramque</span> <span class='ocrx_word' id='word_1_238' title='bbox 354 1697 614 1740; x_wconf 88' lang='lat' dir='ltr'>inchoatam</span> <span class='ocrx_word' id='word_1_239' title='bbox 634 1704 679 1740; x_wconf 90' lang='lat' dir='ltr'>et</span> <span class='ocrx_word' id='word_1_240' title='bbox 696 1699 841 1741; x_wconf 88' lang='lat' dir='ltr'>adhuc</span> <span class='ocrx_word' id='word_1_241' title='bbox 856 1698 1099 1740; x_wconf 88' lang='lat' dir='ltr'>informem</span> <span class='ocrx_word' id='word_1_242' title='bbox 1114 1699 1232 1740; x_wconf 85' lang='lat' dir='ltr'>velle</span> <span class='ocrx_word' id='word_1_243' title='bbox 1250 1700 1417 1741; x_wconf 87' lang='lat' dir='ltr'>intelli-</span> 
     </span>
     <span class='ocr_line' id='line_1_30' title="bbox 100 1752 1415 1809; baseline 0.004 -18"><span class='ocrx_word' id='word_1_244' title='bbox 100 1753 162 1806; x_wconf 85' lang='lat' dir='ltr'>gi.</span> <span class='ocrx_word' id='word_1_245' title='bbox 222 1752 370 1793; x_wconf 90' lang='lat' dir='ltr'>Video</span> <span class='ocrx_word' id='word_1_246' title='bbox 405 1755 570 1808; x_wconf 88' lang='lat' dir='ltr'>quippe</span> <span class='ocrx_word' id='word_1_247' title='bbox 597 1768 698 1796; x_wconf 84' lang='lat' dir='ltr'>vere</span> <span class='ocrx_word' id='word_1_248' title='bbox 722 1755 928 1809; x_wconf 88' lang='lat' dir='ltr'>potuisse</span> <span class='ocrx_word' id='word_1_249' title='bbox 953 1755 1063 1804; x_wconf 89' lang='lat' dir='ltr'>dici,</span> <span class='ocrx_word' id='word_1_250' title='bbox 1095 1754 1315 1809; x_wconf 82' lang='lat' dir='ltr'>quidquid</span> <span class='ocrx_word' id='word_1_251' title='bbox 1338 1753 1415 1796; x_wconf 81' lang='lat' dir='ltr'>ho·</span> 
     </span>
     <span class='ocr_line' id='line_1_31' title="bbox 97 1808 1445 1864; baseline 0.003 -17"><span class='ocrx_word' id='word_1_252' title='bbox 97 1820 197 1847; x_wconf 92' lang='lat' dir='ltr'>rum</span> <span class='ocrx_word' id='word_1_253' title='bbox 223 1808 476 1859; x_wconf 88' lang='lat' dir='ltr'>diceretur,</span> <span class='ocrx_word' id='word_1_254' title='bbox 501 1811 582 1850; x_wconf 86' lang='lat' dir='ltr'>sed</span> <span class='ocrx_word' id='word_1_255' title='bbox 606 1812 713 1864; x_wconf 92' lang='lat' dir='ltr'>quid</span> <span class='ocrx_word' id='word_1_256' title='bbox 737 1810 897 1852; x_wconf 89' lang='lat' dir='ltr'>horum</span> <span class='ocrx_word' id='word_1_257' title='bbox 920 1811 967 1850; x_wconf 93' lang='lat' dir='ltr'>in</span> <span class='ocrx_word' id='word_1_258' title='bbox 986 1809 1054 1850; x_wconf 87' lang='lat' dir='ltr'>his</span> <span class='ocrx_word' id='word_1_259' title='bbox 1073 1811 1223 1851; x_wconf 88' lang='lat' dir='ltr'>verbis</span> <span class='ocrx_word' id='word_1_260' title='bbox 1242 1810 1321 1850; x_wconf 91' lang='lat' dir='ltr'>ille</span> <span class='ocrx_word' id='word_1_261' title='bbox 1343 1823 1414 1851; x_wconf 88' lang='lat' dir='ltr'>co-</span> <span class='ocrx_word' id='word_1_262' title='bbox 1438 1826 1445 1834; x_wconf 86' lang='lat'><strong>·</strong></span> 
     </span>
     <span class='ocr_line' id='line_1_32' title="bbox 99 1864 1415 1920; baseline 0.002 -17"><span class='ocrx_word' id='word_1_263' title='bbox 99 1864 329 1918; x_wconf 83' lang='lat' dir='ltr'>gitaverit,</span> <span class='ocrx_word' id='word_1_264' title='bbox 342 1877 432 1904; x_wconf 90' lang='lat' dir='ltr'>non</span> <span class='ocrx_word' id='word_1_265' title='bbox 450 1865 516 1905; x_wconf 87' lang='lat' dir='ltr'>ita</span> <span class='ocrx_word' id='word_1_266' title='bbox 533 1867 689 1917; x_wconf 87' lang='lat' dir='ltr'>video;</span> <span class='ocrx_word' id='word_1_267' title='bbox 716 1867 916 1920; x_wconf 87' lang='lat' dir='ltr'>quamvis</span> <span class='ocrx_word' id='word_1_268' title='bbox 935 1866 1031 1906; x_wconf 81' lang='lat' dir='ltr'>sive</span> <span class='ocrx_word' id='word_1_269' title='bbox 1051 1866 1223 1919; x_wconf 90' lang='lat' dir='ltr'>aliquid</span> <span class='ocrx_word' id='word_1_270' title='bbox 1240 1865 1415 1916; x_wconf 90' lang='lat' dir='ltr'>horum,</span> 
     </span>
     <span class='ocr_line' id='line_1_33' title="bbox 99 1919 1416 1975; baseline 0.002 -16"><span class='ocrx_word' id='word_1_271' title='bbox 99 1921 195 1960; x_wconf 83' lang='lat' dir='ltr'>sive</span> <span class='ocrx_word' id='word_1_272' title='bbox 229 1919 402 1972; x_wconf 84' lang='lat' dir='ltr'>aliquid</span> <span class='ocrx_word' id='word_1_273' title='bbox 434 1921 576 1971; x_wconf 88' lang='lat' dir='ltr'>aliud,</span> <span class='ocrx_word' id='word_1_274' title='bbox 611 1922 733 1975; x_wconf 91' lang='lat' dir='ltr'>quod</span> <span class='ocrx_word' id='word_1_275' title='bbox 756 1935 782 1961; x_wconf 87' lang='lat' dir='ltr'>a</span> <span class='ocrx_word' id='word_1_276' title='bbox 803 1934 874 1961; x_wconf 89' lang='lat' dir='ltr'>me</span> <span class='ocrx_word' id='word_1_277' title='bbox 900 1927 1301 1962; x_wconf 87' lang='lat' dir='ltr'>commemoratum</span> <span class='ocrx_word' id='word_1_278' title='bbox 1323 1934 1416 1961; x_wconf 92' lang='lat' dir='ltr'>non</span> 
     </span>
     <span class='ocr_line' id='line_1_34' title="bbox 100 1976 1417 2031; baseline 0.001 -16"><span class='ocrx_word' id='word_1_279' title='bbox 100 1980 184 2025; x_wconf 90' lang='lat' dir='ltr'>est,</span> <span class='ocrx_word' id='word_1_280' title='bbox 198 1980 350 2015; x_wconf 87' lang='lat' dir='ltr'>tantus</span> <span class='ocrx_word' id='word_1_281' title='bbox 364 1977 433 2016; x_wconf 89' lang='lat' dir='ltr'>vir</span> <span class='ocrx_word' id='word_1_282' title='bbox 449 1976 527 2016; x_wconf 93' lang='lat' dir='ltr'>ille</span> <span class='ocrx_word' id='word_1_283' title='bbox 542 1982 691 2016; x_wconf 89' lang='lat' dir='ltr'>mente</span> <span class='ocrx_word' id='word_1_284' title='bbox 712 1979 1017 2031; x_wconf 86' lang='lat' dir='ltr'>conspexerit,</span> <span class='ocrx_word' id='word_1_285' title='bbox 1030 1991 1130 2017; x_wconf 92' lang='lat' dir='ltr'>cum</span> <span class='ocrx_word' id='word_1_286' title='bbox 1149 1976 1261 2017; x_wconf 87' lang='lat' dir='ltr'>haec</span> <span class='ocrx_word' id='word_1_287' title='bbox 1278 1976 1417 2017; x_wconf 89' lang='lat' dir='ltr'>verba</span> 
     </span>
     <span class='ocr_line' id='line_1_35' title="bbox 99 2033 1413 2087; baseline 0.002 -17"><span class='ocrx_word' id='word_1_288' title='bbox 99 2036 342 2084; x_wconf 84' lang='lat' dir='ltr'>promeret,</span> <span class='ocrx_word' id='word_1_289' title='bbox 365 2043 521 2073; x_wconf 80' lang='lat' dir='ltr'>verum</span> <span class='ocrx_word' id='word_1_290' title='bbox 544 2044 644 2072; x_wconf 89' lang='lat' dir='ltr'>eum</span> <span class='ocrx_word' id='word_1_291' title='bbox 661 2033 852 2083; x_wconf 89' lang='lat' dir='ltr'>vidisse,</span> <span class='ocrx_word' id='word_1_292' title='bbox 874 2038 1066 2087; x_wconf 88' lang='lat' dir='ltr'>apteque</span> <span class='ocrx_word' id='word_1_293' title='bbox 1085 2033 1133 2074; x_wconf 89' lang='lat' dir='ltr'>id</span> <span class='ocrx_word' id='word_1_294' title='bbox 1151 2033 1413 2073; x_wconf 87' lang='lat' dir='ltr'>enuntiasse</span> 
     </span>
     <span class='ocr_line' id='line_1_36' title="bbox 98 2087 1232 2128; baseline 0.003 -2"><span class='ocrx_word' id='word_1_295' title='bbox 98 2099 188 2126; x_wconf 89' lang='lat' dir='ltr'>non</span> <span class='ocrx_word' id='word_1_296' title='bbox 206 2087 421 2128; x_wconf 85' lang='lat' dir='ltr'>dubitem.</span> <span class='ocrx_word' id='word_1_297' title='bbox 1228 2087 1232 2090; x_wconf 76' lang='grc'><strong>’</strong></span> 
     </span>
    </p>

    <p class='ocr_par' dir='ltr' id='par_1_4' title="bbox 100 2141 1413 2253">
     <span class='ocr_line' id='line_1_37' title="bbox 185 2141 1412 2185; baseline 0 -3"><span class='ocrx_word' id='word_1_298' title='bbox 185 2142 232 2183; x_wconf 87' lang='lat' dir='ltr'>C.</span> <span class='ocrx_word' id='word_1_299' title='bbox 257 2141 401 2184; x_wconf 89' lang='lat' dir='ltr'><strong>XXV.</strong></span> <span class='ocrx_word' id='word_1_300' title='bbox 459 2141 603 2184; x_wconf 90' lang='lat' dir='ltr'>Nemo</span> <span class='ocrx_word' id='word_1_301' title='bbox 638 2142 750 2183; x_wconf 84' lang='lat' dir='ltr'>mihi</span> <span class='ocrx_word' id='word_1_302' title='bbox 782 2144 871 2184; x_wconf 89' lang='lat' dir='ltr'>iam</span> <span class='ocrx_word' id='word_1_303' title='bbox 895 2144 1115 2185; x_wconf 89' lang='lat' dir='ltr'>molestus</span> <span class='ocrx_word' id='word_1_304' title='bbox 1138 2143 1198 2184; x_wconf 85' lang='lat' dir='ltr'>sit</span> <span class='ocrx_word' id='word_1_305' title='bbox 1221 2143 1412 2183; x_wconf 87' lang='lat' dir='ltr'>dicendo</span> 
     </span>
     <span class='ocr_line' id='line_1_38' title="bbox 100 2196 1413 2253; baseline 0.002 -17"><span class='ocrx_word' id='word_1_306' title='bbox 100 2196 230 2238; x_wconf 84' lang='lat' dir='ltr'>mihi:</span> <span class='ocrx_word' id='word_1_307' title='bbox 262 2210 353 2239; x_wconf 91' lang='lat' dir='ltr'>non</span> <span class='ocrx_word' id='word_1_308' title='bbox 371 2197 460 2240; x_wconf 88' lang='lat' dir='ltr'>hoc</span> <span class='ocrx_word' id='word_1_309' title='bbox 477 2199 621 2240; x_wconf 88' lang='lat' dir='ltr'>sensit</span> <span class='ocrx_word' id='word_1_310' title='bbox 637 2199 848 2252; x_wconf 83' lang='lat' dir='ltr'>Moyses,</span> <span class='ocrx_word' id='word_1_311' title='bbox 870 2201 991 2253; x_wconf 91' lang='lat' dir='ltr'>quod</span> <span class='ocrx_word' id='word_1_312' title='bbox 1008 2206 1056 2240; x_wconf 93' lang='lat' dir='ltr'>tu</span> <span class='ocrx_word' id='word_1_313' title='bbox 1076 2200 1207 2251; x_wconf 91' lang='lat' dir='ltr'>dicis,</span> <span class='ocrx_word' id='word_1_314' title='bbox 1228 2199 1309 2241; x_wconf 87' lang='lat' dir='ltr'>sed</span> <span class='ocrx_word' id='word_1_315' title='bbox 1327 2197 1413 2239; x_wconf 86' lang='lat' dir='ltr'>hoc</span> 
     </span>
    </p>
   </div>
  </div>
 </body>
</html>
