1514 2438
250 116 802 162 CONFESSIONUM
829 119 1038 163 LIBER
1065 121 1176 164 V11.
1288 124 1366 164 119

43 203 211 252 anima,
244 209 533 258 mentemque
565 202 762 246 hominis
794 218 886 247 non
921 207 1212 249 existimabat
1241 209 1290 249 in
1313 221 1368 249 eo

44 259 322 312 praedicari3
355 265 400 300 et
424 260 638 314 quoniam
659 261 777 302 bene
795 274 1065 316 persuasum
1079 264 1289 314 tenebat,
1316 276 1371 304 ea

47 326 161 368 quae
197 313 251 354 de
276 316 357 357 illo
381 318 629 357 memoriae
653 318 866 359 mandata
888 323 1013 369 sunt,
1047 319 1145 360 sine
1169 320 1300 361 vitali
1325 325 1372 361 et

46 370 266 411 rationali
282 376 492 413 creatura
508 385 599 412 non
618 373 716 414 fieri
729 404 740 424 ‚
767 374 824 414 ad
837 375 983 428 ipsam
1003 373 1305 416 Christianam
1323 377 1371 415 fi-

50 427 151 466 dem
182 428 356 481 pigrius
391 429 674 471 movebatur.
735 429 827 471 Sed
848 436 1012 485 postea
1034 429 1374 474 haereticorum

48 482 474 536 Apollinaristarum
492 482 611 527 hunc
628 498 833 527 errorem
851 499 952 528 esse
974 500 1282 541 cognoscens,
1300 501 1372 529 ca-

49 537 251 579 tholicae
269 540 377 581 fidei
396 540 670 582 collaetatus
692 547 737 582 et
755 548 1125 597 contemperatus
1146 548 1230 584 est.
1271 543 1374 598 Ego

51 599 202 635 autem
225 595 458 649 aliquanto
477 600 711 650 posterius
731 598 948 640 didjcisse
967 611 1038 640 me
1056 598 1228 649 fateor,
1251 601 1299 641 in
1317 612 1372 640 eo

52 650 173 704 quod
204 649 406 693 Verbum
431 666 537 694 caro
566 653 737 695 factum
761 660 852 705 est,
887 655 1117 709 quomodo
1144 654 1375 697 catholica

50 708 223 747 veritas
259 721 286 748 a
319 707 507 749 Photini
537 709 743 751 falsitate
778 711 1032 752 dirimatur.
1092 711 1372 764 Improbatio

51 764 215 816 quippe
233 761 572 806 haereticorum
585 765 700 807 facit
719 768 935 818 eminere,
955 767 1062 822 quid
1081 769 1280 809 ecclesia
1294 773 1376 808 tua

49 820 233 870 sentiat,
255 825 299 860 et
318 821 425 874 quid
444 820 612 863 habeat
630 835 740 863 sana
760 824 983 865 doctrina.
1019 823 1236 876 Oportuit
1255 825 1374 864 enim

50 879 94 914 et
112 873 326 916 haereses
347 889 464 927 esse,
479 883 528 918 ut
547 879 728 931 probati
744 878 977 920 manifesti
994 879 1156 920 fierent
1172 882 1294 921 inter
1310 882 1375 921 in-

50 931 219 972 firmos.
255 933 296 979 (1
319 933 421 973 Cor.
444 935 508 984 11,
531 934 616 986 19.)

135 987 181 1027 C.
201 987 302 1028 XX.
364 988 454 1030 Sed
470 994 579 1030 tunc
597 992 731 1032 lectis
750 991 1099 1033 Platonicorum
1115 993 1209 1034 illis
1226 992 1374 1042 libris,

49 1047 212 1096 postea
238 1057 370 1098 quam
392 1046 497 1086 inde
524 1047 783 1089 admonitus
812 1061 1033 1103 quaerere
1054 1050 1376 1103 incorpoream

51 1100 310 1150 veritatem,
334 1102 585 1143 invisibilia
600 1108 680 1144 tua
696 1116 778 1157 per
796 1117 869 1155 ea,
891 1117 1006 1159 quae
1025 1104 1149 1146 facta
1166 1110 1292 1155 sunt,
1310 1107 1376 1145 in-

48 1155 237 1197 tellecta
259 1159 497 1212 conspexi3
532 1164 577 1199 et
599 1161 811 1213 repulsus
837 1162 982 1212 sensi,
1017 1162 1125 1216 quid
1147 1173 1228 1215 per
1249 1166 1376 1201 tene-

50 1211 155 1251 bras
189 1214 365 1253 animae
390 1227 518 1255 meae
545 1217 846 1271 contemplari
872 1230 963 1257 non
989 1218 1188 1268 sinerer,
1222 1221 1375 1258 certus

53 1280 155 1308 esse
171 1273 238 1319 te,
260 1273 305 1309 et
317 1269 544 1312 infinitum
563 1284 680 1323 esse,
696 1285 782 1314 nec
797 1278 950 1314 tamen
969 1286 1051 1327 per
1068 1274 1199 1315 locos
1220 1274 1377 1313 finitos

50 1324 312 1365 infinitosve
333 1325 546 1378 diffundi3
568 1332 613 1368 et
630 1341 737 1369 vere
755 1333 801 1370 te
821 1341 940 1379 esse,
967 1331 1044 1383 qui
1061 1341 1240 1383 semper
1255 1328 1379 1369 idem

50 1381 149 1433 ipse
177 1393 325 1432 esses,
360 1394 414 1422 ex
438 1384 564 1423 nulla
586 1389 715 1437 parte
740 1385 960 1439 nulloque
984 1390 1111 1426 motu
1134 1386 1269 1425 aliter
1300 1389 1380 1425 aut

53 1436 396 1487 aliter‚caetera
412 1451 522 1479 vero
543 1451 599 1480 ex
614 1444 660 1480 te
681 1452 783 1481 esse
805 1442 970 1491 omnia,
986 1439 1074 1481 hoc
1093 1441 1194 1482 solo
1215 1440 1376 1481 firmis-

53 1494 166 1532 simo
202 1493 499 1545 documento,
534 1495 640 1549 quia
663 1501 786 1536 sunt:
819 1501 972 1537 certus
998 1496 1181 1551 quidem
1202 1498 1250 1538 in
1272 1497 1376 1537 istis

53 1560 190 1599 eram,
209 1550 342 1591 nimis
360 1555 513 1591 tamen
529 1552 734 1592 infirmus
752 1552 809 1593 ad
825 1551 1068 1593 fruendum
1083 1557 1145 1594 te.
1194 1552 1376 1593 Garrie-

50 1605 153 1645 bam
174 1605 308 1658 plane
334 1609 464 1661 quasi
480 1608 676 1661 peritus,
706 1613 752 1648 et
769 1609 859 1649 nisi
875 1609 922 1648 in
941 1607 1123 1650 Christo
1144 1609 1376 1649 salvatore

50 1665 209 1701 nostro
235 1664 355 1703 viam
366 1668 491 1704 tuam
511 1676 799 1717 quaererem,
823 1677 916 1705 non
934 1665 1132 1718 peritus,
1159 1665 1241 1706 sed
1258 1665 1376 1720 peri-

49 1721 178 1757 turus
192 1729 354 1760 essem.
385 1719 479 1760 Iam
492 1721 611 1761 enim
623 1733 866 1774 coeperam
875 1722 994 1762 velle
1011 1722 1159 1762 videri
1176 1722 1375 1775 sapiens,

48 1772 210 1827 plenus
224 1787 373 1828 poena
389 1788 508 1827 mea3
537 1781 582 1817 et
598 1789 689 1817 non
707 1777 890 1828 flebam3
914 1779 1103 1832 insuper
1121 1782 1167 1818 et
1183 1777 1377 1820 inflabar

50 1830 258 1871 scientia.
317 1831 406 1873 Ubi
429 1834 549 1873 enim
570 1838 668 1873 erat
684 1834 765 1874 illa
782 1834 1028 1875 aedificans
1047 1835 1215 1875 caritas
1234 1847 1261 1875 a
1276 1833 1375 1875 fun-

50 1885 260 1926 damento
295 1885 584 1939 humilitatis,
622 1890 744 1943 quod
778 1895 848 1930 est
870 1889 1080 1931 Christus
1101 1890 1259 1931 Iesus?
1287 1890 1376 1931 Aut

50 1942 229 1995 quando
243 1943 312 1983 illi
324 1943 432 1984 libri
451 1945 671 1986 docerent
687 1958 758 1986 me
775 1959 888 1997 eam,
899 1948 947 1988 in
960 1959 1074 2000 quos
1086 1959 1156 1987 me
1167 1951 1374 2000 propter·

51 2009 124 2047 ea,
148 1998 410 2053 priusquam
434 2002 683 2054 scripturas
706 2006 810 2042 tuas
835 2003 1197 2053 considerarem,
1232 2003 1371 2043 credo

48 2054 239 2095 voluisti
260 2056 517 2106 incurrere,
542 2062 591 2097 ut
608 2058 945 2111 imprimeretur
961 2060 1209 2100 memoriae
1227 2069 1373 2108 meae,

52 2111 280 2163 quomodo
316 2123 373 2153 ex
400 2113 466 2152 eis
500 2111 709 2154 adfectus
735 2126 903 2166 essem3
938 2120 983 2155 et
1016 2129 1118 2156 cum
1137 2118 1305 2167 postea
1325 2115 1373 2153 in

50 2165 180 2206 libris
197 2168 289 2207 tuis
307 2167 646 2210 mansuefactus
667 2182 835 2220 essem,
865 2176 911 2211 et
928 2172 1192 2212 curantibus
1212 2169 1371 2222 digitis

50 2223 142 2263 tuis
161 2228 559 2266 contrectarentur
577 2225 765 2268 vulnera
780 2239 896 2278 mea,
911 2227 1058 2268 disce
1072 2236 1279 2267 rnerem
1304 2229 1373 2265 at·
