1514 2438
269 109 825 152 CONFESSIONUM
861 109 1073 152 LIBER
1102 110 1195 152 111.
1338 109 1389 150 31

67 197 213 237 minus
256 208 284 236 a
314 196 484 237 talibus
520 194 778 236 adfectibus
810 209 947 236 sanus
984 201 1076 236 est:
1119 206 1391 247 quamquam

66 266 166 293 cum
184 254 283 307 ipse
300 253 485 307 patitur,
512 252 719 301 miseria,
755 265 856 292 cum
876 252 978 292 aliis
999 251 1290 304 compatitur,
1309 250 1390 289 mi-

64 309 320 350 sericordia
345 308 436 348 dici
455 308 590 348 solet.
652 307 744 349 Sed
761 308 908 361 qualis
927 308 1112 349 tandem
1130 306 1392 347 misericor-

67 366 143 406 dia
171 366 217 405 in
234 364 369 405 rebus
400 364 519 404 fictis
548 369 594 404 et
621 364 847 404 scenicis'.l
877 362 981 404 Non
1010 364 1130 403 enim
1155 362 1211 402 ad
1230 361 1390 402 subve-

65 422 278 462 niendum
305 426 582 474 provocatur
608 420 811 469 auditor,
846 420 928 460 scd
952 424 1129 459 tantum
1155 418 1212 458 ad
1232 417 1391 458 dolen-

66 478 170 517 dum
202 477 444 526 invitatum
478 481 524 516 et
558 476 706 516 actori
733 488 888 515 earum
917 476 1168 529 imaginum
1195 473 1390 526 amplius

64 533 201 582 favet,
222 545 322 573 cum
341 532 533 585 amplius
552 532 694 572 dolet.
742 531 802 571 Et
820 532 859 571 si
879 531 1163 571 calamitates
1182 530 1291 570 illae
1311 527 1390 569 ho-

62 590 232 630 minum
269 589 343 629 vel
376 589 589 641 antiquae
622 588 696 627 vel
722 586 869 627 falsae
898 587 964 627 sic
989 592 1204 640 agantur,
1237 591 1288 625 ut
1313 585 1390 638 qui

63 650 240 698 spectat
257 657 349 684 non
369 643 538 694 doleat,
560 643 768 684 abscedit
785 643 891 683 inde
909 642 1151 683 fastidiens
1174 647 1219 682 et
1237 653 1389 694 repre-

62 699 279 753 hendens;
299 701 339 741 si
356 706 507 740 autem
523 700 692 750 doleat,
708 704 863 739 manet
885 700 1103 748 intentus,
1122 703 1168 737 et
1183 699 1388 751 gaudens

60 757 339 798 lacrimatur.
391 757 515 810 Ergo
542 761 750 796 amantur
770 761 815 795 et
837 755 1051 795 doloresss
1084 755 1219 794 Certe
1242 754 1387 793 omnis

61 812 195 853 homo
216 813 417 867 gaudere
436 812 545 853 vult.
593 813 660 852 An
681 825 780 852 cum
800 812 1018 852 miserum
1038 811 1265 851 neminem
1284 821 1386 849 esse

60 870 221 919 libeat,
258 869 372 909 libet
405 875 559 909 tamen
595 881 697 908 esse
727 868 1097 917 misericordem3
1132 866 1255 920 quod
1281 865 1387 918 quia

61 938 150 965 non
171 926 268 965 sine
289 925 449 965 dolore
470 931 553 974 est,
578 923 663 964 hac
680 936 770 964 una
790 936 929 964 causa
947 929 1155 963 amantur
1174 921 1388 962 dolores?

60 981 118 1022 Et
143 980 230 1021 hoc
257 981 311 1021 de
340 982 421 1021 illa
449 993 565 1020 vena
594 980 823 1020 amicitiae
852 986 936 1020 est.
998 979 1090 1020 Sed
1117 991 1204 1032 quo
1233 976 1388 1017 vadit‘l

62 1050 149 1091 quo
187 1036 312 1079 fluit?
342 1038 401 1077 Ut
429 1037 536 1090 quid
567 1037 771 1077 decurrit
796 1037 843 1075 in
867 1041 1121 1076 torrentem
1144 1035 1260 1088 picis
1289 1034 1387 1073 bul-

58 1094 214 1133 lientis
241 1099 395 1133 aestus
420 1094 641 1133 immanes
667 1098 891 1135 tetrarum
918 1092 1179 1141 libidinum,
1204 1091 1252 1129 in
1272 1099 1388 1143 que:

58 1150 159 1202 ipsa
175 1154 375 1190 mutatur
393 1155 439 1189 et
456 1150 648 1189 vertitur
665 1161 747 1203 per
763 1153 919 1189 nutum
939 1148 1187 1202 proprium,
1204 1146 1258 1186 de
1283 1157 1386 1185 coe·

58 1207 166 1246 lesti
200 1206 448 1246 serenitate
485 1206 666 1245 detorta
700 1210 836 1259 atque
864 1204 1071 1244 deiecta?
1102 1202 1386 1257 Repudietur

61 1274 170 1316 ergo
189 1261 539 1302 misericordia?
570 1261 882 1315 Nequaquam.
936 1261 1060 1314 Ergo
1082 1264 1289 1299 amentur
1307 1258 1384 1297 do-

57 1318 182 1358 lores
197 1318 458 1371 aliquando.
494 1317 585 1358 Sed
603 1330 712 1357 cave
731 1317 1079 1366 immunditiam,
1098 1316 1249 1355 anima
1266 1326 1384 1363 mea,

60 1374 141 1414 sub
162 1379 313 1413 tutore
333 1372 434 1413 Deo
453 1386 578 1423 meo,
604 1373 705 1413 Deo
725 1380 903 1427 patrum
922 1378 1205 1420 nostrorum,
1228 1376 1273 1410 et
1290 1371 1383 1409 lau-

59 1430 197 1469 dabili
234 1438 279 1469 et
311 1429 653 1483 superexaltato
680 1430 726 1468 in
753 1429 905 1470 omnia
930 1428 1135 1477 saecula3
1169 1438 1278 1466 cave
1303 1427 1382 1465 im-

56 1485 338 1525 munditiam.
399 1484 557 1539 Neque
593 1485 712 1524 enim
744 1497 862 1524 nunc
893 1497 984 1523 non
1015 1484 1262 1532 misereor;
1302 1481 1384 1521 sed

56 1547 163 1581 tunc
190 1542 237 1581 in
263 1541 456 1581 theatris
485 1541 831 1595 congaudebam
850 1540 1127 1588 amantibus,
1159 1551 1259 1578 cum
1278 1549 1380 1577 sese

54 1596 324 1637 fruebantur
341 1610 422 1651 per
440 1596 636 1650 flagitia,
658 1598 862 1650 quamvis
882 1595 995 1635 haec
1013 1594 1284 1648 imaginarie
1304 1606 1380 1647 ge-

53 1659 208 1693 rerent
231 1654 277 1693 in
301 1654 408 1694 ludo
438 1654 703 1706 spectaculi.
767 1653 880 1692 Cum
906 1657 1057 1692 autem
1077 1664 1179 1691 sese
1201 1650 1379 1690 amitte-

53 1710 182 1759 bant,
226 1711 357 1763 quasi
387 1710 653 1750 misericors
689 1709 1019 1759 contristabar3
1060 1712 1106 1747 et
1137 1715 1378 1759 utrumque

56 1766 315 1806 delectabat
336 1772 503 1806 tamen.
562 1765 692 1806 Nunc
719 1778 826 1805 vero
850 1764 996 1818 magis
1022 1764 1247 1803 misereor
1272 1775 1378 1816 gau-

55 1821 235 1862 dentem
253 1823 300 1862 in
318 1821 512 1875 flagitio,
533 1835 667 1876 quam
684 1822 809 1862 velut
827 1821 939 1861 dura
957 1833 1223 1874 perpessum
1242 1818 1378 1858 detri-

52 1883 206 1918 mento
232 1879 518 1932 perniciosae
548 1878 817 1931 voluptatis,
846 1884 892 1917 et
914 1877 1161 1916 amissione
1181 1876 1378 1915 miserae

53 1933 307 1975 felicitatis.
345 1935 477 1975 Haec
497 1939 619 1975 certe
640 1935 795 1974 verior
810 1932 1150 1982 misericordia3
1185 1931 1266 1971 sed
1285 1942 1375 1970 non

49 1991 97 2030 in
132 2004 186 2031 ea
224 1992 425 2032 delectat
452 1990 598 2031 dolor.
659 1990 776 2030 Nam
804 1990 891 2030 etsi
918 1988 1196 2043 adprobatur
1221 1986 1372 2027 officio

51 2048 255 2087 caritatis
289 2048 365 2101 qui
401 2047 528 2087 dolet
557 2047 797 2096 miserum,
842 2047 1001 2086 mallet
1030 2050 1182 2084 tamen
1216 2043 1372 2094 utique

49 2116 140 2143 non
175 2116 276 2144 esse
308 2103 429 2156 quod
456 2103 654 2152 doleret,
691 2103 766 2156 qui
793 2102 1076 2155 germanitus
1106 2099 1371 2140 misericors

51 2165 135 2199 est.
196 2159 240 2200 Si
269 2160 388 2199 enim
415 2164 486 2199 est
507 2159 736 2199 malevola
756 2157 1102 2205 benevolentia,
1130 2154 1250 2208 quod
1271 2151 1372 2191 fieri

49 2228 140 2255 non
168 2220 343 2269 potest3
374 2220 530 2270 potest
550 2224 595 2255 et
619 2215 724 2267 ille,
758 2215 835 2269 qui
859 2213 1085 2254 veraciter
1110 2209 1370 2251 sinceriter-
