1514 2438
275 106 821 148 CONFESSIONUM
852 105 1059 146 LIBER
1087 104 1168 146 VI.
1335 103 1387 143 δῖ

62 195 345 235 tabificarum
368 192 573 232 febribus
599 197 850 232 aestuaret:
882 192 1112 232 transiens
1135 201 1217 244 per
1236 201 1387 243 quem-

61 251 163 291 dam
199 250 346 290 vicum
376 248 775 294 Mediolanensem
805 247 1109 287 animadverti
1140 258 1388 300 pauperem

57 305 338 356 mendicum,
360 306 452 345 iam
476 304 614 344 credo
643 309 867 354 saturum,
891 305 1123 343 iocantem
1142 308 1279 356 atque
1297 302 1388 342 lae-

60 369 254 414 tantem3
288 367 334 402 et
350 361 573 416 ingemui,
604 365 650 400 et
666 360 847 400 locutus
867 373 965 400 sum
986 373 1085 399 cum
1105 359 1287 409 amicis,
1313 359 1388 411 qui

61 432 239 460 mecum
258 422 401 468 erant,
420 417 590 457 multos
611 416 797 457 dolores
816 417 1096 456 insaniarum
1114 421 1389 463 nostrarum,

63 476 168 530 quia
186 474 393 515 omnibus
410 473 579 513 talibus
600 472 839 512 conatibus
858 473 1046 522 nostris,
1061 471 1269 525 qualibus
1283 476 1392 511 tunc

62 531 342 581 laborabam,
359 529 441 570 sub
461 529 657 570 stimulis
679 528 976 582 cupiditatum
997 527 1182 568 trahens
1196 526 1392 567 inf'elici-

64 589 171 628 tatis
194 599 324 627 meae
349 587 595 636 sarcinam,
627 590 673 625 et
694 583 918 625 trahendo
946 596 1255 638 exaggerans,
1280 582 1393 623 nihil

64 644 284 684 vellemus
311 642 456 692 aliud,
481 642 570 682 nisi
593 641 647 681 ad
669 653 877 681 securam
893 641 1119 681 laetitiam
1136 640 1392 694 pervenire,

65 713 152 754 quo
185 712 268 740 nos
298 698 535 739 mendicus
564 698 644 738 ille
672 698 763 737 iam
791 697 1128 750 praecessisset
1150 708 1395 749 numquam

63 757 264 797 fortasse
287 756 400 795 illuc
426 760 660 795 venturos.
726 753 860 802 Quod
886 754 1005 793 enim
1022 753 1112 792 iam
1129 752 1210 791 ille
1228 765 1395 806 paucu-

63 814 120 853 lis
137 818 183 853 et
199 811 498 852 emendicatis
517 809 761 850 nummulis
778 809 971 863 adeptus
992 814 1105 859 erat,
1123 808 1179 848 ad
1198 806 1287 848 hoc
1307 820 1393 861 ego

63 876 156 910 tam
171 868 457 908 aerumnosis
474 866 769 906 amfractibus
788 872 833 905 et
845 865 1112 906 circuitibus
1126 864 1395 913 ambiebam,

66 925 121 965 ad
140 925 364 964 laetitiam
383 923 565 964 scilicet
581 922 851 975 temporalis
869 921 1125 962 felicitatis.
1157 919 1258 962 Non
1279 921 1398 960 enim

64 994 221 1021 verum
249 980 466 1034 gaudium
489 977 707 1026 habebat3
743 978 824 1018 sed
849 984 895 1019 et
918 991 1004 1032 ego
1023 978 1119 1019 illis
1140 977 1397 1017 ambitioni-

65 1038 149 1077 bus
174 1037 316 1077 multo
342 1035 505 1076 falsius
526 1034 816 1088 quaerebam.
876 1034 936 1075 Et
954 1040 1078 1075 certe
1098 1034 1177 1074 ille
1197 1033 1397 1074 laetaba-

66 1100 152 1143 tur,
174 1106 260 1148 ego
281 1093 441 1132 anxius
462 1103 605 1143 eram3
626 1104 814 1132 securus
833 1091 931 1142 ille,
952 1103 1038 1145 ego
1058 1090 1280 1143 trepidus.
1341 1089 1400 1128 Et

66 1151 104 1190 si
124 1150 362 1203 quisquam
380 1153 759 1201 perconctaretur
776 1159 863 1198 me,
881 1153 1030 1188 utrum
1047 1148 1231 1188 mallem
1251 1146 1399 1186 exsul-

64 1213 164 1246 tare
184 1219 240 1245 an
264 1212 485 1255 metuere,
504 1205 852 1258 responderem:
874 1204 1122 1245 exsultare.
1166 1203 1339 1243 Rursus
1360 1202 1399 1241 si

65 1264 397 1316 interrogaret,
417 1266 569 1301 utrum
586 1273 657 1301 me
675 1261 814 1300 talem
832 1261 1013 1300 mallem
1025 1291 1035 1310 ,
1057 1260 1205 1313 qualis
1224 1260 1304 1299 ille
1317 1289 1327 1309 ,
1344 1271 1400 1297 an

68 1319 215 1373 qualis
236 1331 322 1373 ego
343 1323 454 1358 tunc
474 1329 643 1368 essem,
663 1329 734 1357 me
754 1318 902 1369 ipsum
923 1318 1043 1356 curis
1064 1315 1399 1368 timoribusque

68 1374 330 1415 confectum
355 1374 596 1427 eligerem,
622 1373 703 1413 sed
728 1373 1055 1426 perversitate,
1089 1371 1308 1424 numquid
1326 1383 1400 1410 ve-

66 1430 231 1471 ritate‘.l
260 1429 421 1483 Neque
449 1429 568 1469 enim
595 1441 648 1468 eo
670 1441 741 1468 me
766 1441 1051 1482 praeponere
1070 1428 1140 1467 illi
1163 1427 1398 1475 debebam,

68 1499 156 1541 quo
178 1486 359 1526 doctior
379 1498 523 1534 eram,
553 1485 768 1538 quoniam
787 1497 877 1524 non
896 1485 1002 1524 inde
1022 1484 1299 1538 gaudebam,
1319 1483 1401 1522 sed

66 1544 250 1597 placere
279 1543 385 1583 inde
412 1541 687 1595 quaerebam
711 1539 991 1592 hominibus;
1024 1553 1116 1580 non
1139 1546 1189 1580 ut
1215 1551 1296 1580 eos
1323 1539 1400 1578 do-

68 1612 233 1649 cerem,
255 1598 337 1639 sed
354 1603 529 1638 tautum
546 1602 597 1637 ut
614 1597 858 1650 placerem.
921 1596 1176 1650 Propterea
1195 1602 1241 1636 et
1257 1601 1308 1635 tu
1324 1595 1400 1634 ba-

66 1656 168 1696 culo
198 1654 467 1708 disciplinae
486 1659 592 1693 tuae
613 1653 939 1707 confringebas
960 1666 1068 1693 ossa
1084 1665 1199 1693 mea.
1259 1652 1400 1692 Rece-

67 1713 175 1752 dant
194 1724 305 1766 ergo
325 1710 379 1750 ab
399 1710 549 1750 anima
566 1722 682 1762 mea,
703 1710 777 1764 qui
800 1710 956 1750 dicunt
974 1710 1035 1749 ei:
1068 1709 1264 1749 interest
1280 1707 1400 1747 unde

67 1769 167 1822 quis
201 1767 413 1822 gaudeat.
477 1765 719 1806 Gaudebat
747 1765 983 1806 mendicus
1017 1763 1097 1805 ille
1131 1763 1399 1812 vinolentia,

67 1831 116 1864 tu
145 1823 345 1878 gaudere
378 1822 594 1876 cupiebas
620 1822 784 1876 gloria.
848 1822 950 1870 Qua
972 1821 1144 1876 gloria,
1176 1820 1401 1861 Domine‘.l

70 1881 196 1929 Quae
220 1892 310 1920 non
336 1885 408 1920 est
422 1879 469 1918 in
488 1884 548 1918 te.
610 1877 724 1918 Nam
744 1878 865 1919 sicut
880 1878 994 1918 illud
1008 1890 1165 1918 verum
1184 1876 1401 1932 gaudium

67 1949 158 1976 non
177 1941 290 1986 erat,
308 1936 374 1976 ita
392 1947 475 1975 nec
493 1934 574 1974 illa
591 1947 701 1974 vera
718 1935 887 1988 gloria,
916 1939 961 1975 et
979 1935 1172 1989 amplius
1190 1933 1402 1974 vertebat

67 1998 264 2033 mentem
295 2004 457 2031 meam.
517 1990 576 2031 Et
602 1991 682 2031 ille
714 1991 817 2044 ipsa
845 1997 981 2031 nocte
1013 1991 1277 2046 digesturus
1303 1994 1403 2029 erat

70 2049 338 2088 ebrietatem
358 2060 503 2098 suam3
540 2059 626 2101 ego
649 2060 748 2087 cum
765 2059 869 2087 mea
886 2047 1161 2087 dormieram
1181 2052 1227 2087 et
1245 2045 1400 2085 subre-

69 2117 244 2155 xeram,
273 2109 319 2144 et
341 2103 618 2143 dormiturus
645 2108 692 2143 et
709 2103 1004 2145 subrecturus
1026 2116 1148 2144 eram
1165 2102 1268 2142 vide
1289 2106 1402 2154 quot

72 2161 252 2202 diebus!
284 2161 481 2200 Interest
500 2171 632 2209 vero,
658 2159 776 2199 unde
802 2159 902 2213 quis
922 2160 1135 2213 gaudeat.
1198 2157 1326 2206 Scio,
1353 2164 1400 2195 et

73 2217 287 2271 gaudium
318 2217 413 2270 spei
448 2214 597 2255 fidelis
628 2215 1051 2269 incomparabiliter
1075 2216 1214 2255 distat
1238 2212 1293 2254 ab
1318 2213 1398 2252 illa
