1514 2438
281 163 830 205 CONFESSIONUM
867 163 1074 204 LIBER
1103 162 1178 203 VI.
1344 162 1396 201 97

69 251 354 306 perientiam‚
367 255 501 303 atque
514 249 619 289 inde
631 247 831 289 fortasse
850 249 1059 302 lapsurus
1078 248 1124 287 in
1143 260 1243 287 eam
1261 259 1396 299 quam

71 307 284 360 stupebat
318 307 604 355 servitutem3
639 306 854 358 quoniam
888 304 1181 357 sponsionem
1212 303 1399 343 volebat

72 363 226 400 faovi-{¹
247 376 345 401 cum
364 367 526 402 morte.
566 361 626 401 Et
644 362 720 414 qui
740 367 860 401 amat
877 360 1143 414 periculum,
1162 359 1335 399 incidet
1352 359 1397 398 in

77 419 206 459 illud.
252 417 473 459 Neutrum
492 418 611 457 enim
628 423 847 467 nostrum,
867 418 907 457 si
925 416 1046 470 quod
1065 421 1136 456 est
1154 414 1397 468 coniugale

79 475 218 516 decus
246 475 294 514 in
319 473 475 514 officio
500 473 688 527 regendi
714 473 990 513 matrimonii
1019 478 1063 512 et
1086 471 1399 525 suscipiendo-

77 544 176 571 rum
194 531 457 579 liberorum,
479 529 688 579 ducebat,
708 530 799 569 nisi
817 530 1030 569 tenuiter.
1061 529 1231 581 Magna
1249 533 1400 567 autem

80 599 137 627 ex
159 592 287 639 parte
307 591 442 640 atque
464 585 756 626 vehementer
776 585 1059 625 consuetudo
1080 584 1317 624 satiandae
1336 584 1401 622 in-

79 642 304 683 satiabilis
338 642 739 696 concupiscentiae
772 654 842 682 me
878 646 1058 694 captum
1087 639 1401 689 excruciabat3

78 699 207 740 illum
224 703 375 739 autem
394 698 635 739 admiratio
657 698 926 752 capiendum
943 695 1168 737 trahebat.
1211 695 1286 737 Sic
1306 708 1401 735 era-

78 770 200 805 mus,
226 757 372 795 donec
395 760 466 805 tu,
490 755 744 805 Altissime,
769 767 861 794 non
888 754 1104 794 deserens
1123 751 1306 792 humum
1323 764 1402 791 no-

77 819 232 861 stram,
256 812 500 852 miseratus
519 811 734 861 miseros,
752 810 1020 851 subvenires
1037 809 1165 849 miris
1186 814 1232 848 et
1252 807 1402 848 occul-

76 870 134 909 tis
154 868 320 908 modis.

162 925 209 964 C.
236 923 356 963 XIII.
416 923 475 963 Et
490 923 747 964 instabatur
762 923 972 976 impigre,
990 926 1041 961 ut
1059 921 1273 961 ducerem
1291 932 1382 959 uxo

78 993 188 1022 rem.
247 980 341 1019 Iam
359 980 583 1032 petebam,
602 980 693 1019 iam
710 978 1078 1032 promittebatur,
1097 977 1293 1017 maxime
1312 989 1402 1015 ma-

77 1043 146 1076 tre
161 1037 296 1077 dante
317 1048 516 1089 operam,
534 1048 621 1089 quo
641 1047 711 1075 me
730 1036 821 1075 iam
840 1035 1133 1087 coniugatum
1150 1033 1403 1086 baptismus

79 1093 293 1133 salutaris
320 1092 546 1142 ablueret,
582 1104 670 1145 quo
695 1104 766 1131 me
791 1092 837 1130 in
862 1091 960 1130 dies
987 1090 1218 1143 gaudebat
1238 1090 1400 1142 aptari,

81 1157 126 1189 et
144 1155 250 1188 vota
269 1162 351 1188 sua
369 1161 422 1188 ac
440 1148 668 1202 promissa
684 1153 765 1187 tua
781 1149 828 1187 in
844 1159 946 1186 mea
964 1146 1052 1186 fide
1073 1146 1295 1198 compleri
1313 1144 1405 1184 ani-

81 1205 406 1245 madvertebat.
473 1205 584 1244 Cum
608 1216 718 1244 sane
736 1209 782 1243 et
798 1208 967 1257 rogatu
983 1215 1086 1242 meo
1108 1207 1153 1241 et
1171 1201 1404 1241 desiderio

81 1274 163 1302 suo
190 1260 302 1301 forti
327 1262 527 1301 clamore
554 1261 707 1301 cordis
734 1260 813 1299 abs
836 1265 882 1299 te
908 1259 1233 1311 deprecaretur
1259 1258 1407 1310 quoti-

82 1318 175 1367 die,
207 1322 257 1358 ut
290 1318 333 1357 ei
364 1330 445 1372 per
477 1318 624 1357 visum
659 1316 928 1357 ostenderes
962 1314 1136 1367 aliquid
1168 1314 1223 1353 de
1249 1312 1405 1352 futuro

80 1374 371 1414 matrimonio
409 1386 513 1414 meo
527 1404 537 1423 ‚
583 1385 826 1425 numquam
864 1371 1067 1411 voluisti.
1126 1369 1186 1409 Et
1222 1368 1409 1408 videbat

82 1430 305 1483 quaedam
328 1443 445 1469 vana
471 1435 517 1470 et
539 1428 848 1482 phantastica,
874 1439 962 1480 quo
988 1425 1186 1478 cogebat
1208 1425 1407 1478 impetus

83 1487 137 1526 de
157 1484 241 1525 hac
258 1498 306 1525 re
326 1486 579 1539 satagentis
597 1483 782 1524 humani
799 1483 1006 1535 spiritus,
1033 1488 1079 1521 et
1096 1481 1311 1521 narrabat
1327 1481 1391 1520 mi

81 1541 146 1592 hi,
171 1554 261 1581 non
280 1554 379 1581 cum
400 1542 587 1590 fiducia,
613 1552 701 1594 qua
720 1539 918 1588 solebat,
940 1551 1040 1578 cum
1056 1543 1106 1578 tu
1125 1537 1391 1577 demonstra

79 1611 153 1638 res
174 1598 230 1647 ei,
251 1598 332 1637 sed
351 1603 646 1638 contemnens
667 1608 735 1636 ea.
773 1595 972 1636 Dicebat
989 1594 1123 1643 enim,
1143 1593 1407 1633 discernere

83 1667 131 1696 se
164 1654 322 1694 nescio
359 1667 447 1707 quo
479 1665 666 1707 sapore,
702 1664 836 1705 quem
866 1650 1018 1691 verbis
1054 1651 1286 1703 explicare
1315 1661 1408 1689 non

82 1716 283 1766 poterat,
317 1710 425 1764 quid
448 1712 698 1750 interesset
719 1709 840 1748 inter
867 1707 1150 1747 revelantem
1171 1711 1217 1746 te
1243 1710 1289 1745 et
1315 1706 1408 1745 ani-

81 1781 199 1808 mam
219 1779 347 1807 suam
364 1767 680 1808 somniantem,
729 1763 988 1805 Instabatur
1005 1768 1172 1813 tamen,
1193 1767 1239 1803 et
1254 1762 1410 1815 puella

81 1824 343 1877 petebatur,
378 1824 505 1864 cuius
536 1828 663 1863 aetas
686 1820 832 1861 ferme
856 1819 1042 1860 biennio
1069 1819 1240 1869 minus,
1274 1831 1408 1872 quam

82 1879 249 1921 nubilis
269 1885 387 1931 erat,
415 1885 461 1920 et
478 1880 584 1934 quia
602 1891 657 1919 ea
674 1878 906 1932 placebat,
926 1875 1294 1929 exspectabatur.

166 1936 213 1976 C.
238 1935 359 1977 XIV.
419 1937 478 1976 Et
498 1936 629 1976 multi
653 1935 788 1975 amici
807 1934 1144 1988 agitaveramus
1164 1932 1336 1980 animo,
1363 1935 1410 1969 et

83 1991 401 2046 colloquentes
441 2005 494 2032 ac
534 1992 817 2032 detestantes
856 1988 1142 2030 turbulentas
1182 1987 1404 2027 humanae

80 2048 202 2089 vitae
236 2049 494 2098 molestias,
528 2060 673 2101 paene
701 2047 793 2086 iam
828 2047 1168 2085 firmaveramus
1191 2043 1358 2083 remoti
1383 2055 1408 2080 a

82 2104 228 2144 turbis
255 2105 406 2145 otiose
431 2105 605 2155 vivere3
637 2104 686 2144 id
711 2104 852 2142 otium
879 2102 946 2141 sic
966 2100 1135 2149 moliti,
1169 2105 1219 2139 ut
1242 2100 1282 2139 si
1299 2097 1408 2151 quid

83 2159 252 2200 habere
270 2173 533 2215 possemus,
553 2159 866 2200 conferremus
884 2158 930 2196 in
947 2156 1163 2205 medium,
1182 2165 1406 2206 unamque

82 2228 178 2256 rem
197 2216 470 2257 familiarem
489 2215 791 2256 conflaremus
812 2226 868 2254 ex
888 2212 1113 2261 omnibus,
1137 2218 1185 2250 ut
1202 2222 1282 2263 per
1300 2209 1408 2248 ami-

86 2273 226 2314 citiae
244 2273 558 2313 sinceritatem
575 2285 665 2312 non
686 2275 811 2311 esset
828 2268 953 2309 aliud
971 2266 1125 2317 huius,
1153 2272 1199 2307 et
1215 2264 1338 2305 aliud
1357 2265 1408 2304 il-

142 2337 364 2371 Aucusr.
394 2337 633 2370 Comus.
1028 2322 1069 2362 G
