1473 2443
101 115 182 157 226
424 114 696 156 AURELII
722 113 1083 156 AUGUSTINI

101 206 193 251 rat,
223 211 330 241 ecee
348 204 478 253 puta,
500 199 645 239 altera
662 200 812 252 coepit
829 211 1012 249 sonare,
1035 203 1080 239 et
1098 195 1243 238 adhuc
1262 203 1410 247 sonat,

103 258 366 298 continuato
392 261 553 296 tenore
579 255 676 295 sine
700 255 794 295 ulla
821 255 1136 304 distinctione3
1173 254 1412 293 metiamur

103 326 201 353 eam
226 312 328 352 dum
355 315 502 351 sonat.
565 311 673 350 Cum
698 312 816 350 enim
834 323 998 350 sonare
1019 310 1287 359 cessaverit,
1320 311 1410 349 iam

103 367 349 421 praeterita
376 368 483 416 erit,
521 371 566 406 et
583 379 672 406 non
693 367 779 406 erit
797 378 910 419 quae
927 367 1074 420 possit
1091 365 1255 405 metiri.
1315 365 1410 405 Me-

103 425 266 464 tiamur
283 423 415 476 plane
436 428 481 462 et
498 422 722 472 dicamus,
749 427 915 475 quanta
932 422 1005 462 sit.
1067 420 1156 462 Sed
1175 419 1321 460 adhue
1340 433 1411 461 so-

102 484 198 529 nat,
230 490 312 518 nec
330 479 481 518 metiri
499 482 673 531 potest,
693 478 781 518 nisi
799 478 852 517 ab
871 478 1002 517 initio
1024 477 1091 517 sui
1105 508 1115 527 ,
1135 489 1222 530 quo
1244 486 1413 515 sonare

103 535 276 588 coepit,
306 546 449 587 usque
469 535 524 573 ad
543 534 695 581 finem,
730 545 817 587 quo
839 533 1019 573 desinit.
1078 533 1227 585 Ipsum
1247 533 1411 586 quippe

102 590 389 630 intervallum
418 590 629 630 metimur
661 589 714 628 ab
747 590 898 642 aliquo
931 588 1063 628 initio
1090 601 1232 641 usque.
1252 590 1307 628 ad
1333 589 1411 628 ali-

103 659 234 700 quem
256 646 403 685 finem.
466 646 753 698 Quapropter
780 657 887 694 vox,
925 656 1039 697 quae
1063 645 1260 684 nondum
1284 644 1412 683 finita

104 709 187 752 est,
201 702 354 742 metiri
371 714 460 741 non
478 705 704 754 potest,ut
724 700 899 740 dicatur
918 712 1049 752 quam
1066 699 1203 752 longa
1221 700 1295 739 vel
1310 699 1409 739 bre-

103 759 168 798 vis
193 758 271 808 sit3
302 769 386 797 nee
410 757 497 797 dici
523 762 600 797 aut
623 756 825 809 aequalis
852 755 1009 804 alicui,
1043 759 1119 794 aut
1137 755 1193 794 ad
1212 755 1408 806 aliquam

103 814 286 866 simpla,
306 813 379 852 vel
397 813 551 866 dupla,
572 812 644 851 vel
663 812 768 865 quid
789 811 925 851 aliud.
987 811 1096 850 Cum
1115 815 1263 850 autem
1282 810 1411 849 finita

102 869 254 918 fuerit,
274 869 360 908 iam
381 881 469 908 non
489 869 588 908 erit.
623 868 722 916 Quo
740 872 872 920 pacto
892 866 1032 920 igitur
1048 866 1199 906 metiri
1216 865 1411 919 poterit&

105 926 161 964 Et
188 926 397 964 metimur
421 929 571 963 tamen
595 928 820 976 tempora3
871 935 952 963 nec
979 934 1033 961 ea
1074 934 1188 974 quae
1212 921 1409 961 nondum

104 986 220 1029 sunt,
232 992 315 1019 neo
332 991 386 1019 ea
401 992 514 1032 quae
526 981 612 1019 iam
623 992 712 1018 non
727 983 844 1027 sunt,
856 991 938 1018 nee
951 990 1004 1017 ea
1015 990 1130 1031 quae
1143 977 1265 1017 nulla
1283 989 1411 1016 mora

104 1036 420 1084 extenduntur,
436 1048 519 1075 neo
534 1047 588 1074 ea
605 1047 718 1087 quae
737 1034 954 1074 terminos
973 1046 1064 1073 non
1083 1032 1263 1074 habent.
1315 1031 1409 1072 Nec

104 1091 255 1131 futura
271 1103 379 1143 ergo
392 1121 402 1140 ,
427 1104 509 1131 nec
519 1090 780 1143 praeterita,
796 1102 879 1129 nec
894 1091 1165 1142 praesentia,
1185 1101 1266 1128 nec
1284 1101 1409 1141 prae-

103 1147 544 1199 tereuntiateinpora
556 1146 781 1195 metimur3
800 1145 1064 1185 etmetimur
1075 1150 1224 1184 tamen
1235 1149 1408 1195 tempo-

102 1215 164 1242 ra.
184 1202 310 1241 Deus
322 1202 889 1251 creatoromnium,versus
908 1202 996 1240 iste
1010 1205 1111 1240 octo
1133 1200 1409 1253 syllabarum

102 1258 315 1298 brevibus
341 1262 385 1296 et
403 1257 551 1310 longis
571 1258 766 1297 alternat
785 1256 990 1310 syllabis.
1037 1256 1243 1304 Quatuor
1255 1255 1407 1307 itaque

102 1315 283 1354 breves:
302 1313 459 1366 prima,
473 1312 1217 1365 tertia,quinta,septima,simplae
1232 1315 1334 1349 sunt
1353 1309 1410 1349 ad

104 1375 297 1424 quatuor
315 1369 495 1423 longas:
530 1369 793 1417 secundam,
819 1372 1044 1421 quartam,
1075 1372 1268 1415 sextam,
1290 1373 1410 1405 octa-

103 1438 216 1465 vam.
276 1424 376 1464 Hae
397 1425 603 1477 singulae
624 1425 679 1464 ad
695 1424 798 1464 illas
820 1424 1022 1477 singulas
1043 1422 1225 1475 duplum
1245 1420 1413 1461 habent

104 1482 337 1534 temporis.
399 1480 672 1530 Pronuntio,
692 1480 924 1529 renuntio,
944 1484 990 1519 et
1007 1479 1071 1518 ita
1089 1483 1178 1527 est,
1200 1482 1412 1531 quantum

105 1539 301 1578 sentitur
324 1549 459 1576 sensu
483 1535 740 1576 manifesto.
804 1535 1029 1584 Quantum
1047 1546 1206 1573 sensus
1223 1531 1411 1572 manife-

104 1598 200 1633 stus
221 1592 439 1641 est,brevi
457 1592 636 1644 syllaba
653 1591 835 1644 longam
849 1591 1028 1639 metior,
1041 1600 1227 1641 eamque
1243 1587 1408 1627 habere

102 1648 172 1687 bis
196 1652 369 1687 tantum
394 1648 557 1687 sentio.
620 1646 710 1687 Sed
729 1660 827 1686 cum
847 1646 991 1684 altera
1007 1650 1113 1696 post
1130 1645 1318 1682 alteram
1337 1655 1408 1682 so-

103 1708 193 1752 nat,
207 1703 242 1742 si
255 1703 555 1754 priorbrevis,
571 1702 709 1755 longa
723 1702 966 1754 posterior,
983 1712 1070 1752 quo
1089 1698 1224 1738 modo
1242 1699 1406 1738 tenebo

103 1759 300 1806 brevem,
319 1765 363 1797 et
381 1771 466 1811 quo
487 1758 621 1797 modo
643 1770 741 1796 eam
760 1756 922 1809 longae
940 1756 1132 1794 metiens
1153 1754 1407 1806 adplicabo,

105 1820 153 1853 ut
172 1815 409 1861 inveniam,
424 1813 543 1865 quod
558 1814 626 1851 bis
647 1817 821 1852 tantum
841 1810 1017 1859 habeat,
1030 1809 1208 1863 quando
1227 1808 1407 1862 quidem

104 1870 242 1922 longa
266 1881 427 1908 sonare
449 1881 536 1907 non
555 1869 731 1920 incipit,
766 1867 853 1906 nisi
870 1866 1020 1905 brevis
1040 1877 1204 1905 sonare
1225 1865 1408 1904 destite-

106 1925 187 1965 rit}
233 1924 375 1977 Ipsam
403 1936 581 1976 quoque
603 1924 786 1975 longam
811 1934 899 1961 non
921 1925 1205 1974 praesentem
1229 1921 1407 1968 metior,

105 1981 282 2033 quando
311 1980 398 2019 nisi
421 1979 591 2018 finitam
614 1990 702 2016 non
728 1979 906 2017 metior.
966 1977 1075 2016 Eius
1096 1983 1243 2015 autem
1263 1974 1406 2013 finitio

105 2035 368 2089 praeteritio
393 2040 474 2074 est.
530 2033 646 2081 Quid
666 2045 775 2085 ergo
797 2038 865 2072 est
884 2033 1005 2085 quod
1022 2030 1205 2071 metiar-sl
1234 2030 1320 2069 Ubi
1340 2033 1409 2068 est

105 2105 193 2144 qua
209 2091 373 2131 metior
389 2090 567 2129 brevis!
596 2089 680 2128 Ubi
702 2094 771 2127 est
788 2089 925 2141 longa
944 2101 1074 2141 quam
1091 2085 1280 2126 metior‘}
1310 2085 1407 2123 Am-

104 2149 188 2186 bae
209 2151 477 2195 sonuerunt,
515 2145 827 2193 avolaverunt,
849 2143 1195 2196 praeterierunt,
1213 2141 1301 2179 iam
1319 2152 1408 2179 non

109 2208 232 2253 snnt3
269 2207 314 2242 et
343 2214 427 2255 ego
447 2202 625 2251 metior,
662 2200 939 2254 fidenterque
960 2197 1236 2253 respondeo,
1272 2207 1406 2249 quan-
