1514 2438
255 116 791 159 CONFESSIONUM
820 115 1030 159 LIBER
1059 116 1116 157 X.
1268 115 1343 156 191

22 211 128 245 stat.
177 203 321 244 Audio
339 215 499 244 vocem
516 202 715 244 iubentis
733 203 823 244 Dei
839 203 950 244 mei:
983 199 1085 243 Non
1098 207 1345 257 graventur

22 259 159 301 corda
202 267 344 300 vestra
381 258 427 299 in
460 261 641 313 crapula
672 266 715 300 et
747 260 971 301 ebrietate.
1005 258 1137 309 (Luc.
1161 259 1228 308 21,
1254 257 1343 308 34.)

22 316 235 357 Ebrietas
269 317 406 370 longe
442 321 513 356 est
531 329 557 356 a
573 328 664 367 me3
688 316 1005 365 misereberis,
1025 326 1080 355 ne
1106 314 1347 369 adpropin-

25 378 134 429 quet
175 370 300 413 mihi,
362 372 558 425 Crapula
589 379 741 413 autem
774 383 1110 425 nonnumquam
1143 370 1350 423 subrepit

23 441 157 469 servo
180 434 284 479 tu03
315 428 633 480 misereberis,
671 434 718 469 ut
741 429 878 483 longe
905 429 984 468 fiat
1008 441 1034 468 a
1055 439 1142 467 me.
1201 425 1347 467 Nemo

23 487 142 526 enim
160 488 314 538 potest
331 496 432 525 esse
453 485 707 536 continens,
726 485 816 525 nisi
832 492 882 525 tu
901 485 996 525 des.
1053 483 1200 523 Multa
1217 482 1350 523 nobis

25 542 259 582 orantibus
277 540 462 592 tribuis3
491 546 537 581 et
555 541 776 596 quidquid
791 541 915 591 boni,
937 545 1179 593 antequam
1198 551 1351 579 orare·

23 611 145 648 mus,
179 597 460 650 accepimus,
497 610 523 637 a
554 606 599 638 te
625 598 903 651 aecepimus3
937 602 983 637 et
1004 603 1054 637 ut
1078 595 1165 636 hoc
1188 601 1352 649 postea

27 665 426 708 cognosceremus,
443 666 469 694 a
483 658 529 694 te
550 655 822 708 accepimus.
869 654 1090 694 Ebriosus
1110 664 1352 705 numquam

26 709 107 760 fui,
127 710 208 750 sed
227 710 437 750 ebriosos
457 722 483 749 a
499 715 544 750 te
564 710 746 751 sobrios
768 709 917 751 factos
938 722 1024 763 ego
1044 708 1165 749 novi.
1226 708 1350 761 Ergo

28 779 54 806 a
76 770 122 806 te
141 765 311 806 factum
329 770 419 816 est,
446 771 495 807 ut
513 765 601 807 hoc
618 779 710 807 non
728 771 884 807 essent
901 766 978 820 qui
996 777 1238 819 numquam
1255 763 1352 804 fue-

25 828 147 873 runt3
182 835 208 862 a
240 834 328 876 quo
361 821 532 862 factum
557 828 648 873 est,
681 828 731 863 ut
753 821 841 863 hoc
868 835 958 863 non
982 833 1162 875 semper
1182 826 1352 870 essent,

27 879 104 931 qui
125 878 330 929 fuerunt;
364 891 390 917 a
410 891 498 932 quo
524 879 661 920 etiam
683 877 854 919 factum
873 884 965 929 est,
988 882 1038 919 ut
1055 878 1226 918 scirent
1243 877 1353 917 utri·

29 947 138 988 que,
174 948 200 974 a
227 947 314 988 quo
340 933 511 975 factum
537 940 622 976 est.
679 936 845 977 Audivi
867 935 1005 976 aliam
1023 947 1183 975 vocem
1207 939 1351 974 tuam:

26 990 137 1031 Post
158 989 530 1044 concupiscentias
553 998 650 1032 tuas
675 1005 763 1032 non
786 1005 880 1041 eas,
916 998 961 1032 et
980 1004 1007 1031 a
1029 991 1254 1031 voluntate
1277 996 1354 1029 tua

24 1053 234 1087 avertere.
269 1046 432 1096 (sirac.
456 1048 520 1099 18,
539 1049 627 1099 30.)
685 1049 851 1089 Audivi
875 1053 921 1089 et
943 1048 1069 1088 illam
1090 1059 1146 1088 ex
1162 1058 1351 1087 munere

24 1110 104 1143 tuo
117 1134 127 1153 ,
148 1116 281 1157 quam
298 1103 487 1144 multum
507 1104 672 1145 amavi:
705 1103 856 1159 Neque
873 1103 912 1145 si
928 1102 1349 1151 manducaverimus,

27 1158 371 1208 abundabimus;
402 1173 539 1214 neque
567 1160 605 1201 si
635 1173 723 1202 non
754 1159 1179 1210 manducaverimus,
1216 1158 1356 1200 deerit

25 1215 161 1256 nobie.
198 1216 239 1264 (l
263 1216 364 1256 Cor.
385 1216 423 1265 8,
446 1217 506 1268 8.)
566 1217 671 1257 Hoc
709 1222 781 1258 est
818 1218 996 1258 dicere:
1043 1229 1128 1257 nec
1165 1216 1246 1257 illa
1277 1227 1352 1256 res

25 1284 97 1311 me
122 1273 359 1325 copiosum
383 1271 545 1322 faciet,
579 1286 663 1314 nec
687 1274 769 1314 illa
793 1286 1127 1316 aerumnosum.
1188 1271 1354 1312 Audivi

28 1334 74 1368 et
97 1327 307 1368 alteram:
339 1327 443 1381 Ego
470 1328 582 1369 enim
602 1329 753 1379 didici,
778 1329 825 1370 in
844 1329 996 1383 quibus
1015 1342 1108 1369 sum
1125 1326 1353 1383 sufficiens

27 1397 136 1424 esse.-
169 1390 213 1424 et
236 1384 461 1424 abundare
488 1384 608 1435 novi,
635 1384 1030 1439 etpenuriampati
1046 1383 1174 1433 novi;
1207 1382 1355 1424 omnia

19 1453 197 1493 possum
215 1439 259 1479 ἰη
279 1453 342 1490 eo,
365 1440 439 1494 qui
454 1453 519 1480 me
539 1440 780 1498 confortat.
801 1440 939 1492 (Phil.
958 1442 1000 1491 4,
1022 1443 1086 1482 ll.
1108 1443 1189 1492 ss.)
1231 1440 1352 1480 Ecce

25 1496 156 1536 miles
177 1501 430 1536 castrorum
449 1497 837 1547 coelestium,n0n
854 1498 1017 1551 pulvis,
1038 1497 1160 1551 quod
1179 1509 1263 1537 nos
1282 1509 1353 1537 su-

24 1566 138 1592 mus.
201 1552 291 1593 Sed
324 1558 575 1603 memento,
605 1553 824 1605 Domine,
867 1554 974 1608 quia
1003 1554 1150 1607 pulvis
1182 1566 1352 1602 sumus,

27 1614 72 1649 et
90 1608 144 1648 de
164 1609 350 1662 pulvere
369 1608 523 1649 fecisti
543 1609 770 1651 hominem
785 1641 795 1660 ,
823 1617 869 1650 et
887 1611 1107 1664 perierat,
1136 1615 1181 1650 et
1198 1610 1353 1649 inven-

27 1671 98 1705 tus
121 1671 203 1706 est.
264 1664 360 1705 Nec
384 1666 463 1706 ille
490 1667 536 1705 in
555 1679 604 1707 se
624 1668 792 1719 potuit,
820 1667 927 1720 quia
943 1667 1064 1707 idem
1085 1666 1231 1720 pulvis
1250 1664 1353 1716 fuit,

27 1733 159 1774 quem
195 1721 307 1762 talia
332 1722 558 1763 dicentem
582 1723 752 1764 adflatu
777 1728 883 1763 tuae
907 1723 1224 1777 inspirationis
1249 1722 1354 1762 ada-

26 1778 158 1817 mavi.
210 1775 370 1818 Omm'a
381 1792 575 1832 possum,
595 1780 757 1833 inquit,
778 1779 824 1820 in
845 1794 908 1829 eo,
931 1779 1006 1833 qui
1021 1793 1086 1820 me
1106 1778 1350 1835 confortat.

26 1833 247 1874 Consorta
264 1846 350 1884 me,
369 1840 419 1875 ut
434 1836 622 1888 possim.
660 1836 865 1891 Daquod
880 1836 1025 1886 iubes,
1045 1841 1090 1876 et
1105 1836 1210 1876 iube
1231 1835 1354 1890 quod

26 1890 106 1929 vif-2.
133 1890 223 1930 Iste
242 1903 291 1930 se
312 1891 547 1944 accepisse
567 1893 826 1943 confitetur,
844 1898 889 1933 et
908 1892 1030 1946 quod
1048 1893 1288 1947 gloriatur,
1306 1892 1353 1930 in

25 1945 220 1986 Domino
235 1946 475 2000 gloriatur.
488 1948 650 1988 Audivi
662 1950 798 1990 alium
811 1955 1066 2004 rogantem,
1077 1955 1126 1990 ut
1137 1949 1352 2002 accipiatz

26 2001 171 2058 Aufer
190 2015 216 2042 a
234 2016 312 2051 me,
332 2003 493 2056 inquit,
510 2005 881 2059 concupiscentias
902 2005 1074 2046 ventris.
1098 2005 1263 2055 (Sirac.
1283 2004 1352 2054 23,

26 2058 86 2107 5.)
119 2058 245 2100 Unde
266 2058 635 2112 adpa1·et‚sancte
651 2062 775 2102 Deus
795 2075 938 2112 meus,
958 2067 1002 2102 te
1023 2062 1147 2111 dare,
1168 2073 1266 2101 cum
1288 2060 1353 2109 fit,

28 2114 149 2168 quod
166 2115 363 2168 imperas
384 2116 496 2156 fieri.
545 2116 758 2159 Docuisti
776 2131 866 2169 me,
889 2124 1022 2171 pater
1038 2118 1178 2167 bone,
1207 2116 1353 2156 onmia

27 2171 186 2211 munda
200 2171 396 2221 mundis;
413 2172 488 2212 sed
499 2173 659 2213 malum
675 2187 760 2215 esee
773 2174 953 2223 homini,
967 2173 1131 2227 quiper
1145 2171 1352 2226 offensio-

30 2240 126 2268 nem
163 2227 398 2269 manducat
416 2230 564 2279 (Rom.
594 2230 659 2281 14,
678 2232 787 2284 20.);
822 2236 868 2272 et
902 2243 1070 2271 onmem
1103 2235 1353 2269 creaturam
