1473 2443
67 146 147 186 238
385 142 658 184 AURELII
688 139 1060 183 AUGUSTtNl

70 231 290 278 dicerem,
325 228 382 268 ad
404 240 458 268 ea
479 240 630 267 rerum
654 238 825 280 genera
846 222 1075 279 pertinere
1099 220 1380 262 benedictio·

69 298 169 325 nem
194 284 327 334 hanc,
360 296 473 338 quae
498 282 728 336 gignendo
756 294 811 321 ex
834 283 978 321 semet
999 277 1110 329 ipsis
1134 290 1380 331 propagan-

69 349 161 390 tur,
188 341 225 380 si
250 353 348 380 eam
370 340 619 392 reperirem
642 338 688 377 in
713 337 931 386 arbustis,
959 339 1004 374 et
1020 333 1250 383 frutectis,
1279 335 1383 372 etin

68 396 309 449 pecoribus
342 401 507 435 terrae.
567 393 695 434 Nune
721 398 871 433 autem
894 404 978 431 nec
1003 387 1155 429 herbis
1182 395 1227 429 et
1249 389 1384 442 lignis

71 453 238 492 (lictum
271 457 361 500 est,
395 463 479 491 nec
513 450 675 490 bestiis
712 454 757 489 et
791 447 1096 502 serpentibus:
1135 445 1312 485 crescite
1346 451 1384 482 et

69 506 441 561 neultzplicamini5
473 519 572 547 cum
592 504 704 545 haec
723 516 901 558 quoque
922 501 1086 549 omnia,
1100 502 1217 540 sicut
1235 501 1384 553 pisces

71 570 115 604 et
138 576 243 603 aves
269 568 313 602 et
336 561 564 611 homines,
601 560 829 615 gignendo
851 562 1123 612 augeantur,
1151 567 1384 609 genusque

71 620 343 660 custodiant.
406 618 525 667 Quid
549 618 690 671 igitur
714 615 878 665 dicam,
905 615 1057 654 lumen
1080 624 1249 661 meum,
1272 611 1384 650 veri-

69 681 154 725 tas,
174 676 279 728 quia
297 680 428 714 vacat
445 673 551 724 hoe,
574 673 677 726 quia
693 672 890 712 inaniter
906 671 972 710 ita
989 669 1157 708 dictum
1177 666 1271 707 est‘}
1300 665 1387 706 Ne-

71 744 310 784 quaquam,
348 736 477 784 pater
499 730 704 784 pietatis,
739 727 877 775 absit,
902 731 951 766 ut
974 723 1062 764 hoc
1087 723 1208 763 dicat
1230 733 1387 762 servus

71 787 197 827 verbi
216 787 296 826 tui.
357 786 414 826 Et
433 787 472 825 si
493 797 578 839 ego
598 797 688 824 non
706 783 940 835 intelligo,
969 778 1076 834 quid
1095 777 1183 819 hoc
1202 777 1385 830 eloquio

71 843 325 896 significes,
344 846 528 881 utantur
546 853 600 880 eo
618 839 781 879 melius
798 838 1034 885 meliores,
1052 834 1100 875 id
1120 838 1204 883 est,
1221 832 1387 873 intelli-

71 900 321 951 gentiores,
342 910 473 950 quam
493 909 578 950 ego
600 908 711 943 sum,
731 894 974 946 unicuique
995 896 1207 945 quantum
1228 899 1388 942 sapere

71 954 262 1002 dedisti,
295 953 421 993 Deus
461 965 602 992 meus.
663 950 852 990 Placeat
890 953 1039 988 autem
1079 951 1123 986 et
1156 943 1387 985 confessio

69 1021 172 1049 mea
205 1022 357 1048 coram
390 1008 536 1049 oculis
560 1007 671 1056 tuis,
708 1018 795 1059 qua
815 1005 899 1044 tibi
925 1004 1166 1051 confiteor,
1203 1000 1389 1040 credere

69 1077 162 1114 me,
182 1064 396 1113 Domine,
423 1076 512 1102 non
534 1065 763 1103 ineassum
784 1069 831 1100 te
852 1062 918 1100 ita
934 1059 1138 1099 locutum
1159 1069 1282 1107 esse3
1314 1066 1390 1095 ne-

72 1132 158 1174 que
178 1120 346 1169 silebo,
372 1119 492 1172 quod
510 1117 620 1157 mihi
637 1116 850 1156 lectionis
873 1114 1006 1154 huius
1027 1115 1209 1153 occasio
1227 1111 1390 1164 subge-

69 1177 144 1216 rit.
205 1175 372 1216 Verum
400 1182 470 1214 est
494 1175 633 1223 enim,
659 1184 743 1212 nec
767 1171 924 1219 video,
953 1169 1061 1222 quid
1083 1168 1302 1221 impediat
1326 1168 1390 1205 ita

71 1244 142 1271 me
178 1232 348 1271 sentire
383 1230 505 1269 dicta
537 1230 732 1283 figurata
763 1227 986 1266 librorum
1017 1230 1214 1264 tuorum.
1272 1221 1391 1262 Novi

74 1289 214 1336 enim,
239 1286 554 1338 multipliciter
577 1282 828 1337 significari
849 1294 931 1335 per
950 1292 1134 1332 corpus,
1161 1278 1283 1331 quod
1299 1289 1388 1317 uno

72 1343 209 1384 modo
242 1347 392 1382 mente
426 1340 719 1393 intelligitur,
750 1344 796 1378 et
817 1336 1131 1390 multipliciter
1153 1338 1303 1374 mente
1327 1334 1391 1372 in-

73 1399 220 1452 telligi
233 1429 243 1448 ‚
269 1398 389 1451 quod
408 1409 496 1436 uno
515 1395 651 1436 modo
670 1406 753 1447 per
771 1406 935 1447 corpus
954 1391 1250 1445 significatur.
1310 1389 1391 1427 Ec-

76 1467 126 1495 ce
147 1455 339 1507 simplex
363 1453 549 1493 dilectio
568 1451 657 1491 Dei
677 1455 723 1490 et
739 1450 956 1503 proximi,
984 1459 1116 1501 quam
1134 1444 1393 1497 multiplici-

74 1511 159 1551 bus
192 1512 507 1558 sacramentis,
543 1512 589 1547 et
622 1504 1027 1546 innumerabilibus
1060 1501 1251 1554 linguis,
1281 1499 1392 1539 etin

78 1577 346 1619 unaquaque
378 1565 535 1617 lingua
563 1560 969 1602 innumerabilibus
995 1558 1276 1598 locutionum
1301 1567 1392 1594 mo-

80 1623 147 1661 dis
179 1620 481 1674 corporaliter
507 1616 784 1658 enuntietur!
810 1616 879 1655 lta
904 1620 1105 1654 crescunt
1127 1619 1171 1652 et
1191 1609 1391 1663 multipli-

80 1684 236 1717 cantur
277 1676 429 1716 foetus
467 1687 697 1728 aquarum.
755 1671 961 1712 Adtende
991 1671 1157 1710 iterum
1190 1667 1392 1720 quisquis

80 1732 192 1772 haec
224 1733 354 1785 legis.
414 1731 532 1771 Ecce
567 1728 688 1783 quod
718 1740 807 1768 uno
833 1726 968 1766 modo
995 1724 1219 1776 scriptura
1243 1720 1391 1770 efl'ert,

82 1794 126 1828 et
158 1801 245 1827 vox
279 1792 514 1840 personat:
547 1784 593 1824 in
618 1781 838 1838 principio
860 1779 982 1836 fecit
1001 1777 1121 1818 Deus
1155 1778 1316 1818 coelum
1352 1782 1394 1815 et

83 1851 263 1891 terram,
300 1855 447 1882 nonne
480 1840 794 1893 multiplieiter
828 1835 1124 1888 intelligitur,
1158 1846 1248 1873 non
1273 1844 1393 1872 erro-

82 1913 178 1939 rum
211 1898 416 1945 fallacia,
451 1896 532 1936 sed
554 1907 763 1935 verarum
785 1891 1192 1945 intelligentiarum
1217 1889 1391 1942 generi-

81 1956 187 1995 bus?
218 1955 285 1994 lta
317 1958 513 1993 crescunt
537 1957 580 1991 et
600 1947 945 2002 multiplicantur
968 1946 1122 1986 foetus
1146 1943 1389 1984 hominum.

81 2012 236 2064 ltaque
271 2010 309 2049 si
340 2013 522 2047 naturas
553 2006 676 2058 ipsas
708 2016 859 2044 rerum
889 2015 979 2042 non
1004 2000 1274 2054 allegorice,
1310 1998 1391 2037 sed

82 2067 263 2120 proprie
283 2065 555 2117 cogitemus,
583 2061 639 2100 ad
658 2060 828 2108 omnia,
855 2071 968 2111 quae
988 2058 1043 2097 de
1063 2055 1307 2097 seminibus
1327 2055 1391 2106 gi-

82 2127 293 2175 gnuntur,
314 2119 525 2160 convenit
541 2117 744 2156 verbum:
777 2113 954 2154 crescite
972 2121 1014 2153 et
1029 2108 1388 2164 multiplicamini.

83 2179 127 2218 Si
154 2183 302 2217 antem
327 2177 518 2228 figurate
535 2172 688 2226 posita
702 2172 791 2210 ista
807 2174 1076 2218 tractemus,
1101 2167 1220 2219 quod
1239 2165 1390 2218 potius

83 2233 277 2272 arbitror
299 2230 550 2271 intendisse
574 2228 859 2281 scripturam,
895 2237 1007 2278 quae
1031 2224 1184 2275 utique
1208 2235 1297 2261 non
1322 2233 1390 2258 su-
