1514 2438
209 81 747 128 CONFESSIONUM
776 81 982 124 LIBER
1010 82 1086 125 IV.
1259 82 1311 122 59

0 173 190 214 iientem
207 171 254 211 in
271 169 390 211 hunc
408 168 643 219 mundum3
665 168 771 222 quia
786 167 833 208 in
851 175 891 209 te
907 182 996 209 non
1014 174 1077 209 est
1094 172 1310 208 transmu-

0 228 97 269 [atio
117 241 195 268 nec·
217 225 426 267 momenti
443 224 734 266 obumbratio.
756 225 864 274 (Iac.
888 227 926 275 l,
948 225 1034 276 17.)
1088 222 1192 265 Sed
1212 236 1312 277 ego

0 284 226 325 tonabar
254 282 318 323 ad
340 287 411 333 te,
448 286 499 321 et
525 280 840 333 repellebar
868 281 958 321 abs
986 286 1058 331 te,
1094 285 1150 321 ut
1172 292 1315 333 sape-

0 354 97 381 ‚·em
119 343 357 389 mortem,
383 337 628 392 quoniam
654 337 904 390 superbis
927 337 1159 377 resistis.
1195 336 1314 384 Quid

0 404 141 437 autem
160 394 415 449 superbius,
436 406 567 447 quam
585 398 637 433 ut
655 393 916 433 adsererem
934 394 1052 433 mira
1069 393 1315 441 dementia,

0 465 58 493 ne
88 452 136 492 id
161 463 263 492 esse
285 451 580 499 naturaliter,
615 449 737 502 quod
761 454 809 489 tu
835 449 910 490 ess.t
942 450 1052 489 Cum
1082 449 1200 488 enim
1229 460 1315 502 ego

0 521 140 549 essem
162 506 419 556 mutabilis,
446 511 492 546 et
509 518 564 546 eo
584 504 692 545 mihi
712 504 1006 545 manifestum
1026 510 1168 554 esset,
1196 504 1316 557 quod

0 565 93 605 ‚deo
118 564 276 617 utique
302 562 484 615 sapiens
507 573 610 602 esse
637 561 895 614 cupiebam,
928 566 978 601 ut
1003 573 1059 600 ex
1086 560 1317 600 deteriore

0 620 153 660 melior
177 620 355 668 fierem,
379 618 605 659 malebam
630 622 783 657 tamen
807 618 943 657 etiam
962 622 1008 656 te
1030 616 1205 670 opinari
1224 629 1316 655 mu-

0 677 198 724 tabilem,
226 687 359 728 quam
375 686 447 714 me
465 686 557 714 non
575 671 664 713 hoc
683 685 807 723 esse,
829 674 951 726 quod
968 678 1018 712 tu
1037 685 1100 712 es.
1160 672 1317 725 ltaque

0 732 269 786 repellebar,
307 736 352 770 et
375 729 628 770 resistebas
652 734 873 769 ventosae
902 728 1069 769 cervici
1094 739 1246 777 meae,
1275 736 1321 767 et

0 787 276 842 imaginabar
303 786 476 826 formas
497 797 766 838 corporeas,
795 790 840 825 et
858 797 964 825 caro
986 796 1167 824 carnem
1186 784 1319 823 adcu-

0 845 171 894 mbam,
199 848 245 883 et
269 843 458 895 spiritus
485 841 720 882 ambulans
745 841 945 881 nondum
968 840 1236 880 revertebar
1263 839 1320 878 ad

0 907 58 951 te3
92 905 138 940 et
169 898 443 938 ambulando
476 897 761 940 ambulabam
793 898 840 937 in
865 909 920 938 ea
944 909 1058 950 quae
1084 908 1174 936 non
1201 903 1322 944 sunt,

0 967 139 1009 neque
168 955 215 994 in
237 960 305 1005 te,
337 966 485 1008 neque
509 954 555 992 in
572 966 665 1003 me,
690 965 838 1006 neque
857 954 904 993 in
925 964 1139 1007 corpore3
1172 964 1320 1005 neque

0 1011 103 1052 mihi
136 1010 409 1051 creabantur
434 1023 460 1049 a
482 1010 678 1050 veritate
703 1014 803 1060 tua,
838 1010 920 1050 sed
945 1023 971 1050 a
992 1022 1095 1049 mea
1117 1010 1319 1048 vanitate

0 1068 282 1122 fingebantur
308 1079 363 1106 ex
387 1078 596 1118 corpore.
655 1065 715 1106 Et
734 1066 941 1106 dicebam
958 1065 1157 1120 parvulis
1177 1065 1320 1104 fideli-

0 1126 75 1164 bus
94 1125 206 1172 tuis,
228 1123 401 1162 civibus
418 1123 555 1172 meis,
582 1135 608 1161 a
627 1122 789 1175 quibus
808 1123 1020 1162 nesciens
1041 1121 1320 1169 exsulabam,

0 1180 201 1221 dicebam
218 1180 311 1219 illis
331 1178 542 1232 garrulus
563 1184 609 1218 et
624 1179 830 1231 ineptus:
857 1191 936 1218 cur
957 1190 1067 1231 ergo
1090 1183 1211 1217 errat
1230 1177 1321 1216 ani-

0 1249 81 1285 ma,
97 1248 229 1289 quam
247 1235 360 1275 fecit
374 1234 528 1275 Deus‘}
544 1234 603 1274 Et
618 1233 731 1274 mihi
748 1234 961 1275 nolebam
982 1233 1090 1274 dici:
1112 1246 1191 1274 cur
1210 1245 1320 1286 ergo

0 1298 117 1333 errat
138 1291 287 1331 Deus}
310 1291 370 1330 Et
387 1290 720 1330 contendebam
736 1291 883 1344 magis
902 1288 1321 1330 incommutabilem

0 1355 120 1389 tuam
146 1347 449 1387 substantiam
475 1351 683 1386 coactam
708 1358 883 1395 errare,
909 1359 1042 1398 quam
1066 1358 1210 1386 meam
1230 1358 1323 1385 mu-

0 1404 185 1444 tabilem
213 1407 375 1456 sponte
405 1402 615 1441 deviasse
639 1407 684 1441 et
707 1414 857 1455 poena
882 1414 1035 1441 errare
1056 1401 1322 1441 confitebar.

0 1461 55 1500 Et
82 1471 204 1499 eram
232 1463 383 1497 aetate
411 1470 631 1497 annorum
656 1457 857 1498 fortasse
876 1458 1040 1512 viginti
1061 1470 1143 1498 sex
1160 1462 1238 1497 aut
1256 1470 1324 1497 se-

0 1524 140 1570 ptem,
178 1528 277 1555 eum
309 1514 392 1553 illa
423 1514 656 1553 volumina
678 1515 864 1566 scripsi,
894 1514 1085 1554 volvens
1112 1514 1230 1567 apud
1252 1527 1323 1553 me

0 1584 223 1625 corporea
245 1571 482 1623 figmenta,
509 1570 824 1623 obstrepentia
841 1570 994 1610 cordis
1012 1572 1099 1610 mei
1122 1570 1322 1618 auribus,

0 1641 108 1682 quas
123 1626 435 1675 intendebam,
458 1626 604 1665 dulcis
622 1627 812 1676 veritas,
832 1628 879 1666 in
895 1628 1162 1666 interiorem
1182 1626 1322 1666 melo-

0 1685 118 1725 diam
134 1689 280 1733 tuam,
307 1682 516 1735 cogitans
538 1682 592 1721 de
609 1680 802 1735 pulchro
821 1687 867 1722 et
885 1688 990 1736 apto
1005 1713 1015 1733 ‚
1043 1687 1089 1722 et
1106 1690 1228 1722 stare
1249 1694 1321 1721 cu-

0 1741 126 1794 piens
147 1745 192 1781 et
211 1738 370 1779 audire
389 1743 455 1789 te,
484 1743 529 1778 et
547 1738 715 1791 gaudio
736 1739 937 1792 gaudere
956 1744 1145 1792 propter
1161 1750 1321 1778 vocem

0 1797 176 1851 sponsi,
213 1801 258 1836 et
287 1807 378 1834 non
406 1800 640 1848 poteram3
675 1795 782 1847 quia
813 1795 1001 1836 vocibus
1036 1795 1207 1834 erroris
1232 1795 1320 1834 mei

0 1853 208 1905 rapiebar
239 1851 387 1900 foras,
423 1856 469 1890 et
500 1851 702 1903 pondere
737 1852 980 1904 superbiae
1008 1863 1137 1891 meae
1162 1851 1207 1890 in
1232 1851 1323 1890 ima

0 1908 279 1948 decidebam.
338 1906 441 1947 Non
472 1908 589 1946 enim
615 1907 754 1947 dabas
779 1908 953 1947 auditui
977 1919 1080 1947 meo
1107 1907 1321 1960 gandium

0 1970 41 2004 et
58 1965 295 2013 laetitiam,
314 1967 392 2002 aut
410 1962 701 2003 exsultabant
719 1976 826 2004 ossa
842 1976 958 2014 mea,
980 1976 1094 2017 quae
1113 1962 1320 2003 humilia-

0 2025 41 2059 ta
58 2032 147 2060 non
173 2025 315 2060 erant.
714 2037 717 2039 ·
850 2038 852 2040 ·

78 2076 125 2116 C.
145 2076 265 2116 XVI.
297 2076 356 2116 Et
379 2074 486 2129 quid
499 2073 608 2115 mihi
627 2075 861 2127 proderat,
883 2075 1005 2128 quod
1024 2087 1168 2114 annos
1187 2082 1318 2113 natus

0 2130 139 2171 ferme
163 2133 346 2186 viginti,
371 2144 471 2172 cum
493 2132 540 2170 in
568 2144 726 2170 manus
748 2144 873 2171 meas
897 2132 1132 2171 venissent
1148 2130 1319 2169 Aristo-

0 2189 134 2228 teliea
174 2188 418 2241 quaedam,
459 2199 569 2240 quas
604 2187 835 2239 adpellant
868 2187 1025 2226 decem
1060 2186 1318 2238 categorias
