1514 2438
253 121 801 166 CONFESSIONUM
829 121 1039 163 LIBER
1068 120 1124 161 X.
1277 117 1356 158 189

22 212 133 253 lanti
149 210 333 266 quidem
348 213 556 252 carentes
570 208 817 259 viribus,in
829 207 1000 248 somnis
1017 210 1168 247 autem
1179 216 1270 244 non
1285 215 1357 243 so-

22 269 117 309 lum
134 280 279 322 usque
299 267 356 308 ad
375 266 749 315 delectationem,
763 264 844 305 sed
863 264 1001 305 etiam
1017 274 1162 317 usque
1182 260 1240 300 ad
1251 272 1357 300 con-

11 326 287 366 sensionem
318 323 580 376 factumque
604 321 899 362 simillimum.
959 321 1018 359 Et
1038 324 1214 359 tantum
1233 316 1359 356 valet

22 382 237 436 imaginis
249 380 403 421 illusio
423 380 470 419 in
490 380 641 419 anima
657 390 760 418 mea.
778 382 823 417 et
840 377 886 417 in
905 388 1041 417 carne
1056 377 1235 424 mea,ut
1252 372 1355 412 dor-

23 438 185 478 mienti
194 437 314 478 falsa
326 437 426 477 visa
441 434 765 489 persuadeant,
779 432 903 488 quod
915 431 1126 487 vigilanti
1138 442 1248 470 vera
1264 441 1354 468 non

23 498 232 547 possunt.
290 492 522 546 Numquid
540 498 648 532 tunc
668 503 755 544 ego
775 502 866 530 non
886 502 999 539 sum,
1012 487 1210 528 Domine
1227 485 1355 525 Deus

24 550 180 590 meus‘}
196 550 254 590 Et
266 554 418 590 tamen
436 554 611 588 tantum
628 547 955 591 interestinter
970 557 1042 585 me
1060 545 1209 597 ipsum
1226 547 1271 582 et
1284 552 1355 580 mc

23 607 303 660 ipsumintra
314 610 608 655 momentum,
620 616 708 657 quo
725 602 830 643 hinc
849 602 905 642 ad
924 613 1138 655 soporem
1155 605 1357 646 transeo,

24 663 99 702 vel
117 661 203 702 huc-
221 662 326 702 inde
346 667 601 702 retranseo.
637 660 724 700 Ubi
743 665 812 699 est
830 664 936 698 tunc
954 657 1094 706 ratio,
1124 667 1239 708 quae
1256 653 1359 693 tali-

23 719 108 758 bus
127 718 505 773 suggestionibus
536 717 714 757 resistit
729 714 953 769 vigilans?
989 713 1048 753 Et
1067 713 1104 752 si
1131 724 1205 750 res
1231 711 1360 762 ipsae

18 776 306 829 ingerantur,
325 775 629 815 inconcussus
648 784 825 812 maneo.
886 768 1115 822 Numquid
1134 766 1362 807 clauditur

27 844 127 872 cum
144 831 319 872 oculis'}
335 829 565 884 Numquid
579 829 757 882 sopitur
776 841 876 868 cum
895 826 1106 867 sensibus
1125 821 1361 875 corporis}

24 888 84 928 Et
106 889 225 929 unde
245 900 383 941 saepe
403 888 542 928 etiam
559 887 606 926 in
624 885 796 926 somnis
814 883 1095 933 resistimus,
1120 879 1359 931 nostrique

25 945 256 998 propositi
265 956 508 992 memores,
524 947 660 997 atque
676 942 723 982 in
745 953 799 982 eo
821 940 1077 981 castissime
1095 947 1360 991 permanen-

26 1007 122 1050 teS‚
149 1001 323 1041 nullum
345 1000 513 1041 talibus
536 997 772 1039 illecebris
799 996 1067 1038 adhibemus
1092 990 1362 1035 adsensum}

27 1057 88 1097 Et
107 1062 258 1097 tamen
278 1062 453 1097 tantum
472 1057 686 1105 interest,
712 1059 763 1095 ut
783 1067 883 1096 cum
903 1053 1037 1094 aliter
1055 1050 1245 1099 accidit,
1272 1046 1363 1088 evi-

31 1113 230 1168 gilantes
251 1113 307 1154 ad
332 1113 645 1154 conscientiae
663 1111 871 1166 requiem
887 1110 1152 1158 redeamus,
1170 1107 1362 1160 ipsaque

34 1170 253 1210 distantia
268 1170 555 1223 reperiamus
574 1181 659 1209 nos
678 1181 770 1208 non
787 1166 958 1207 fecisse
970 1197 980 1217 ‚
1008 1164 1131 1219 quod
1148 1168 1301 1204 tamen
1317 1161 1363 1200 in

31 1226 164 1267 nobis
179 1239 362 1281 quoquo
380 1226 518 1266 modo
538 1224 708 1265 factum
728 1236 831 1264 esse
850 1224 1103 1264 doleamus.
1135 1216 1365 1271 Numquid

33 1295 124 1323 non
141 1289 306 1336 potens
328 1288 399 1323 est
414 1295 574 1323 manus
592 1286 692 1332 tua,
710 1280 838 1321 Deus
863 1280 1152 1333 omnipotens
1165 1308 1176 1326 ,
1204 1285 1365 1316 sanare

36 1351 193 1380 omnes
216 1340 466 1393 languores
492 1339 669 1378 animae
692 1349 846 1387 meae,
873 1341 1009 1389 atque
1035 1331 1366 1374 abundantiore

37 1396 186 1449 gratia
211 1401 292 1436 tua
314 1396 514 1436 lascivos
540 1399 692 1434 motus
720 1393 856 1433 etiam
882 1393 972 1432 mei
998 1391 1179 1444 soporis
1200 1386 1368 1428 exstin-

37 1451 206 1505 gueres}
235 1452 452 1506 Augebis,
471 1450 684 1500 Domine,
702 1450 849 1502 magis
868 1448 1105 1502 magisque
1123 1447 1170 1486 in
1186 1456 1258 1485 me
1274 1456 1369 1483 mu-

36 1520 150 1548 nera
172 1513 274 1559 tua,
300 1514 351 1549 ut
372 1508 522 1548 anima
538 1518 640 1546 mea
659 1510 878 1560 sequatur
895 1516 966 1545 me
987 1504 1044 1543 ad
1059 1509 1129 1552 te,
1157 1499 1370 1552 concupi-

39 1565 244 1605 scentiae
264 1566 389 1605 visco
411 1563 640 1616 expedita,
651 1568 702 1603 ut
719 1575 810 1602 non
830 1562 890 1601 sit
905 1560 1094 1601 rebellis
1113 1558 1216 1608 sibi,
1235 1562 1370 1609 atque

39 1626 90 1661 ut
121 1621 169 1660 in
202 1622 374 1661 somnis
410 1621 548 1660 etiam
582 1632 673 1659 non
708 1618 857 1659 solum
883 1630 973 1658 non
995 1619 1232 1670 perpetret
1255 1614 1370 1653 istas

41 1678 406 1732 corruptelarum
439 1676 746 1730 turpitudines
779 1687 861 1728 per
891 1674 1116 1727 imagines
1151 1668 1370 1711 animales

40 1747 184 1787 usque
217 1734 275 1775 ad
300 1734 449 1774 carnis
472 1732 667 1781 fluxum,
703 1732 785 1772 sed
808 1743 863 1771 ne
890 1729 1150 1770 consentiat
1174 1726 1370 1781 quidem.

42 1789 157 1830 Nam
173 1797 223 1831 ut
237 1789 354 1831 nihil
369 1791 461 1832 tale
480 1791 553 1831 vel
568 1789 798 1830 tantillum
815 1787 972 1837 libeat,
987 1784 1250 1839 quantulum
1269 1794 1373 1835 pos—

43 1846 103 1886 sit
126 1853 237 1887 nutu
255 1846 484 1897 cohiberi,
511 1848 649 1887 etiam
668 1846 714 1884 in
735 1849 861 1884 casto
883 1842 1153 1884 dormientis
1173 1839 1372 1885 adfectu,

44 1915 136 1942 non
153 1910 327 1944 tantum
343 1905 390 1944 in
408 1903 492 1944 hac
513 1904 625 1953 vita,
654 1901 735 1942 sed
756 1901 893 1941 etiam
910 1900 957 1939 in
975 1898 1060 1939 hac
1080 1903 1232 1938 aetate
1246 1926 1257 1945 ‚
1283 1907 1373 1934 non

41 1971 254 2013 magnum
267 1966 338 2001 est
351 1959 666 2012 omnipotenti,
680 1958 757 2012 qui
773 1957 898 1997 vales
917 1955 1070 1996 facere
1090 1965 1227 2006 supra
1245 1962 1375 2004 quam

41 2017 238 2068 petimus
273 2022 320 2057 et
349 2016 664 2070 intelligimus.
725 2013 856 2054 Nunc
885 2021 1058 2061 tamen,
1094 2009 1202 2064 quid
1226 2005 1373 2047 adhuc

46 2073 130 2112 sim
156 2074 203 2113 in
221 2072 309 2113 hoc
329 2084 497 2126 genere
515 2072 625 2112 mali
640 2071 754 2120 mei,
781 2069 877 2110 dixi
891 2068 1092 2109 Domino
1111 2066 1234 2106 bono
1253 2073 1371 2110 me0,

47 2128 280 2169 exsultans
307 2141 408 2169 cum
430 2133 630 2168 tremore
647 2126 695 2166 in
713 2138 785 2177 eo,
821 2124 943 2179 quod
962 2123 1145 2164 donasti
1160 2120 1290 2170 mihi,
1326 2126 1373 2160 et

44 2183 207 2236 lugens
223 2185 270 2224 in
288 2197 358 2233 eo,
379 2183 500 2238 quod
517 2184 903 2224 inconsummatus
923 2193 1042 2228 sum,
1068 2189 1255 2231 sperans
1272 2188 1373 2228 per-

46 2239 271 2281 fecturum
288 2246 332 2282 te
351 2243 398 2282 in
415 2253 484 2280 mc
503 2240 844 2280 misericordias
859 2243 961 2278 tuas
978 2247 1119 2287 usque
1137 2232 1192 2273 ad
1211 2244 1367 2285 pacem
