1473 2443
56 149 134 190 146
376 148 654 190 AURELII
683 149 1051 192 AUGUSTINI

57 234 149 289 [Cf.
172 236 361 288 August.
388 234 441 273 de
467 234 614 274 anima
635 235 676 284 4,
697 233 784 288 16.]
849 234 1078 288 Quidquid
1119 235 1233 275 illud
1278 240 1361 285 est,

55 291 176 344 quod
198 291 277 330 illo
303 290 588 343 significatur
605 290 727 340 sinu,
754 291 818 330 ibi
835 290 1077 331 Nebridius
1095 303 1220 331 meus
1238 291 1363 341 vivit,

58 347 202 387 dulcis
222 348 390 386 amicus
409 358 534 385 meus
547 376 557 395 ,
581 350 685 386 tuus
704 351 873 396 autem,
896 346 1106 396 Domine,
1125 347 1366 400 adoptivus

57 414 113 442 ex
130 402 294 442 liberto
315 401 456 452 filius3
475 403 539 441 ibi
559 403 679 442 vivit.
711 401 824 442 Nam
843 403 940 454 quis
960 403 1074 442 alius
1092 403 1173 442 tali
1191 404 1364 442 animae

55 457 207 498 locus‘}
239 457 306 497 lbi
323 458 454 506 vivit,
475 457 591 496 unde
607 470 676 497 me
695 458 835 497 multa
852 458 1164 511 interrogabat
1183 457 1365 498 homun-

56 513 233 553 cionem
244 514 541 566 inexpertum.
562 513 651 552 lam
671 526 758 552 non
769 515 896 566 ponit
910 526 1061 553 aurem
1075 514 1129 554 ad
1143 526 1193 554 os
1206 525 1367 562 meum,

54 568 136 608 sed
168 568 373 622 spiritale
400 581 450 608 os
485 568 541 608 ad
567 568 739 608 fontem
763 575 909 618 tuum,
949 574 993 608 et
1015 569 1130 609 bibit
1154 573 1368 622 quantum

54 629 205 677 potest
230 624 500 677 sapientiam
522 637 601 677 pro
629 625 843 664 aviditate
871 638 972 674 sua,
1005 625 1103 664 sine
1128 625 1214 664 fine
1240 624 1366 664 felix.

56 679 149 720 Nec
175 682 240 720 sic
265 692 366 719 eum
384 679 582 719 arbitror
599 680 816 719 inebriari
835 692 889 720 ex
909 692 983 729 ea,
1008 685 1058 719 ut
1074 680 1368 720 obliviscatur

58 736 161 785 mei,
181 748 280 776 cum
296 740 361 785 tu,
386 735 600 785 Domine,
622 748 751 788 quem
769 740 897 788 potat
914 736 990 775 ille
1004 766 1014 785 ,
1035 736 1176 775 nostri
1200 738 1261 775 sis
1279 747 1367 774 me-

56 803 167 831 mor.
228 790 303 832 Sic
322 803 430 844 ergo
452 803 627 830 eramus
647 790 963 831 Verecundum
982 792 1271 830 consolantes
1291 791 1367 830 tri-

57 851 186 896 stem,
219 846 344 887 salva
375 847 574 887 amicitia
604 846 658 886 de
682 847 763 887 tali
789 847 1087 886 conversione
1111 851 1287 895 nostra,
1324 851 1369 885 et

57 901 350 942 exhortantes
369 902 425 942 ad
444 902 576 942 fidem
595 902 761 956 gradus
781 904 864 951 sui,
884 904 1002 942 vitae
1022 902 1198 942 scilicet
1216 903 1367 942 coniu-

56 958 192 1011 galis;
223 957 487 998 Nebridium
507 963 657 997 autem
679 959 990 1011 opperientes,
1011 958 1189 1011 quando
1209 968 1366 1010 seque-

56 1018 202 1063 retur,
223 1013 344 1067 quod
363 1014 417 1053 de
441 1019 532 1053 tam
552 1014 756 1067 proximo
776 1018 957 1066 poterat
976 1020 1020 1053 et
1039 1018 1136 1053 erat
1154 1014 1240 1052 iam
1260 1013 1367 1052 iam-

55 1081 141 1122 que
160 1068 381 1109 facturus:
416 1082 513 1108 cum
535 1081 640 1109 ecce
660 1069 832 1108 evoluti
849 1074 952 1108 sunt
971 1069 1067 1109 dies
1086 1069 1153 1107 illi
1172 1068 1365 1117 'tandem3

55 1138 153 1164 nam
179 1125 306 1178 longi
333 1129 377 1164 et
400 1125 529 1164 multi
553 1125 821 1164 videbantur
844 1137 949 1176 prae
969 1136 1122 1164 amore
1141 1124 1367 1164 libertatis

57 1182 254 1230 otiosae,
289 1180 344 1220 ad
378 1180 647 1220 cantandum
681 1180 735 1219 de
768 1180 977 1219 medullis
1004 1179 1229 1219 omnibus:
1267 1177 1370 1218 Tibi

55 1235 165 1276 dixit
188 1249 264 1275 cor
287 1248 446 1275 meum:
479 1234 672 1288 quaesivi
694 1236 855 1274 *vultam
880 1243 1020 1283 tunm,
1046 1235 1209 1274 vultum
1228 1240 1364 1282 tamn,

56 1290 258 1339 Domine,
280 1290 515 1344 requiram.
551 1291 645 1340 (Ps.
666 1290 732 1339 26,
753 1291 790 1330 8.
812 1303 901 1330 sec.
924 1290 1087 1341 LXX.)

146 1347 191 1388 C.
219 1345 293 1388 lV.
353 1347 411 1386 Et
428 1348 553 1386 venit
572 1346 689 1397 dies,
715 1347 760 1385 in
780 1359 866 1399 quo
887 1348 1023 1386 etiam
1041 1351 1144 1386 actu
1162 1346 1366 1386 solverer

52 1402 383 1454 aprofessione
416 1401 668 1452 rhetorica,
702 1403 819 1442 unde
848 1404 936 1442 iam
961 1403 1165 1455 cogitatu
1188 1401 1365 1441 solutus

54 1472 189 1499 eram.
249 1458 307 1498 Et
322 1458 491 1498 factum
510 1462 593 1507 est,
613 1463 658 1498 et
676 1458 836 1498 eruisti
853 1458 1051 1511 linguam
1068 1469 1227 1506 meam,
1247 1457 1365 1496 unde

53 1516 142 1554 iam
161 1526 345 1554 erueras
364 1526 621 1563 cormeum,
643 1519 688 1554 et
703 1513 1029 1554 benedicebam
1045 1513 1129 1552 tibi
1147 1513 1364 1565 gaudens,

52 1569 284 1623 profectus
310 1570 356 1609 in
374 1570 526 1609 villam
545 1582 645 1609 cum
662 1570 774 1609 meis
796 1570 1015 1609 omnibus.
1050 1568 1117 1608 lbi
1136 1568 1241 1621 quid
1261 1579 1364 1620 ege·

50 1627 133 1665 rim
146 1627 191 1665 in
209 1626 472 1675 literis,iam
491 1625 671 1679 quidem
689 1625 988 1665 servientibus
1006 1624 1103 1673 tibi,
1119 1623 1199 1662 sed
1219 1621 1364 1662 adhue

50 1682 289 1734 superbiae
315 1680 519 1721 scholam
547 1686 772 1734 tamquam
796 1682 841 1720 in
864 1679 1132 1733 pausatione
1152 1677 1362 1717 anhelan-

50 1737 191 1786 tibus,
214 1741 440 1776 testantur
463 1737 566 1777 libri
591 1737 808 1788 disputati
833 1748 932 1775 cum
955 1733 1290 1788 praesentibus,
1319 1738 1363 1772 et

50 1805 150 1832 cum
180 1794 280 1845 ipso
315 1804 384 1831 me
417 1792 518 1831 solo
555 1804 707 1831 coram
737 1795 782 1830 te
804 1789 882 1843 [cf.
906 1791 1093 1842 August.
1117 1794 1301 1829 retract.
1323 1790 1360 1838 l,

50 1846 226 1900 1—4.]:
260 1860 373 1900 quae
393 1851 543 1886 autem
562 1860 660 1887 cum
678 1847 862 1885 absente
882 1845 1118 1894 Nebridio,
1137 1849 1362 1884 testantur

49 1903 286 1956 epistolae.
346 1903 404 1941 Et
430 1903 608 1955 quando
634 1900 742 1941 mihi
759 1902 951 1941 sufficiat
976 1906 1149 1954 tempus
1169 1913 1360 1940 comme-

47 1959 253 1998 morandi
278 1958 429 1997 omnia
451 1970 615 2010 magna
639 1970 748 2009 erga
772 1969 853 1995 nos
877 1957 1100 1996 beneficia
1122 1961 1198 1995 tua
1216 1958 1258 1995 in
1278 1955 1357 1994 illo

50 2024 272 2068 tempore,
300 2015 568 2065 praesertim
586 2013 642 2052 ad
665 2013 754 2052 alia
771 2013 943 2051 maiora
960 2013 1245 2065 properanti?
1279 2011 1358 2050 Re-

46 2075 180 2110 vocat
199 2072 317 2110 enim
334 2082 403 2108 me
424 2068 680 2108 recordatio
701 2080 818 2115 mea,
842 2073 886 2107 ct
904 2069 1034 2107 dulce
1053 2065 1161 2106 mihi
1180 2066 1248 2114 fit,
1267 2065 1359 2105 Do-

47 2127 187 2175 mine,
214 2125 422 2165 confiteri
445 2125 547 2173 tibi,
570 2124 730 2177 quibus
754 2124 943 2163 internis
963 2135 1030 2162 me
1050 2122 1243 2162 stinmlis
1263 2134 1358 2174 per-

48 2182 292 2230 domueris,
309 2185 353 2220 et
369 2179 741 2233 quemadmodum
756 2192 824 2218 me
845 2177 1200 2232 complanaveris
1221 2176 1358 2216 humi-

48 2239 191 2278 litatis
210 2236 436 2278 montibus
457 2242 501 2276 et
519 2235 712 2278 collibus
733 2235 1063 2289 cogitationum
1081 2245 1293 2279 mearum,
1315 2238 1359 2271 et
