1473 2443
87 124 167 164 114
413 121 683 165 AURELII
711 124 1077 169 AUGUSTINI

168 207 214 249 C.
239 207 336 249 XII.
396 208 455 247 Et
469 207 810 250 manifestatum
826 216 896 252 est
907 210 1031 263 mihi,
1048 214 1261 267 quoniam
1277 213 1399 256 bona

82 268 205 313 sunt,
231 276 345 318 quae
366 270 732 317 corrumpuntur,
757 278 870 320 quae
889 280 1054 321 neque,
1075 271 1113 309 si
1131 283 1303 310 summa
1318 270 1398 311 bo-

83 332 138 359 na
156 324 322 369 essent,
339 331 498 372 neque,
514 321 601 360 nisi
617 321 738 361 bona
753 328 918 373 essent,
941 325 1169 378 corrumpi
1187 333 1391 377 possent:

84 376 187 428 quia
204 377 243 416 si
261 388 432 415 summa
448 375 568 415 bona
587 382 754 427 essent,
773 379 1141 432 incorruptibilia
1160 386 1332 433 essent;
1358 386 1398 422 si

81 438 232 470 autem
255 430 380 470 nulla
400 430 522 471 bona
545 437 721 482 essent,
743 434 863 487 quod
880 436 926 474 in
945 437 1010 476 eis
1031 443 1398 490 corrumperetur

81 499 169 525 non
189 491 324 526 esset.
385 485 533 527 Nocet
551 489 669 528 enim
689 491 940 543 corruptio,
968 496 1011 531 et
1030 492 1119 532 nisi
1135 493 1302 533 bonum
1316 495 1396 533 mi-

81 547 254 591 nueret,
271 555 359 582 non
373 549 575 583 noceret.
607 545 693 584 Aut
707 546 848 598 igitur
865 545 978 586 nihil
995 552 1132 588 nocet
1145 550 1394 602 corrupti0‚

80 598 202 651 quod
233 598 334 638 fieri
365 611 455 638 non
486 604 657 652 potest3
691 606 787 650 aut,
823 602 944 655 quod
974 605 1276 644 certissimum
1310 612 1394 653 est,

80 655 250 703 onmia,
276 666 391 707 quae
412 661 778 709 corrumpuntur,
804 659 1036 710 privantur
1052 659 1191 700 bono.
1253 659 1300 700 Si
1320 673 1394 699 au-

80 715 171 749 tem
195 710 317 749 omni
339 710 460 750 bono
484 712 799 764 privabuntur,
826 714 1008 755 omnino
1028 727 1119 755 non
1137 720 1282 755 erunt.
1345 715 1393 756 Si

80 767 199 805 enim
225 770 375 815 erunt,
402 771 447 805 et
470 770 698 821 corrumpi
718 770 809 808 iam
831 781 920 809 non
943 774 1179 823 poterunt,
1203 771 1394 811 meliora

79 826 230 871 erunt,
258 823 363 873 quia
383 823 795 875 incorruptibiliter
812 826 1150 878 permanebunt.
1210 826 1267 866 Et
1286 827 1394 880 quid

79 878 395 927 monstrosius,
413 891 544 931 quam
563 891 616 919 ea
634 880 786 920 dicere
806 883 928 922 omni
944 881 1064 921 bono
1086 883 1252 922 amisso
1272 882 1394 922 facta

78 933 294 973 meliora?
324 934 445 987 Ergo
481 936 521 975 si
554 938 674 976 omni
705 937 825 977 bono
859 938 1174 990 privabuntur,
1210 940 1391 978 omnino

78 989 203 1029 nulla
226 994 370 1029 erunt.
431 990 552 1043 Ergo
574 993 787 1045 quamdiu
805 998 928 1043 sunt,
951 994 1073 1033 bona
1091 998 1208 1034 sunt.
1268 994 1391 1048 Ergo

79 1057 387 1098 quaecumque
407 1051 529 1095 sunt,
553 1046 674 1086 bona
692 1052 814 1098 sunt3
846 1049 1102 1102 malumque
1120 1049 1253 1100 illud,
1276 1049 1397 1103 quod

78 1101 354 1154 quaerebam
387 1102 504 1141 unde
539 1108 680 1152 esset,
714 1116 805 1143 non
829 1109 899 1144 est
922 1105 1195 1156 substantia3
1230 1107 1335 1159 quia
1358 1106 1396 1145 si

78 1157 332 1198 substantia
351 1162 492 1207 esset,
511 1158 679 1198 bonum
698 1166 833 1199 esset.
866 1161 953 1200 Aut
971 1161 1090 1200 enim
1109 1167 1232 1201 esset
1248 1163 1395 1201 incor-

78 1212 305 1266 ruptibilis
325 1213 581 1253 substantia
597 1228 808 1268 magnum
822 1218 977 1269 utique
995 1216 1179 1266 bonum,
1199 1222 1276 1256 aut
1293 1217 1394 1257 sub-

79 1270 248 1308 stantia
267 1269 577 1322 corruptibilis
598 1276 741 1320 esset,
763 1284 876 1325 quae
896 1273 984 1312 nisi
999 1272 1120 1312 bona
1139 1278 1276 1321 esset,
1297 1286 1393 1313 cor-

77 1326 225 1377 rumpi
246 1337 335 1364 non
359 1330 530 1378 posset.
590 1325 747 1380 Itaque
766 1327 879 1377 vidi,
904 1333 949 1367 et
966 1327 1305 1370 manifestatum
1325 1335 1396 1368 est

76 1379 208 1430 mihi,
245 1381 350 1433 quia
374 1382 524 1420 onmia
546 1382 668 1422 bona
689 1390 739 1423 tu
762 1382 931 1433 fecisti,
958 1388 1003 1423 et
1024 1396 1212 1436 prorsus
1239 1384 1390 1424 nullae

77 1436 359 1476 substantiae
379 1443 497 1486 sunt,
518 1451 628 1490 quas
647 1444 696 1478 tu
713 1452 805 1479 non
823 1438 995 1490 fecisti3
1017 1446 1062 1479 et
1079 1442 1290 1493 quoniam
1303 1453 1392 1479 non

77 1492 288 1545 aequalia
314 1493 463 1532 omnia
487 1492 661 1544 fecisti,
687 1494 793 1534 ideo
820 1500 924 1535 sunt
942 1497 1111 1546 omnia3
1145 1498 1267 1548 quia
1290 1498 1389 1536 sin-

78 1548 205 1601 gula
242 1548 378 1589 bona
415 1553 554 1598 sunt,
595 1554 646 1589 et
676 1551 832 1590 simul
861 1553 1032 1591 omnia
1059 1551 1210 1591 valde
1240 1552 1388 1600 bona,

78 1605 323 1656 quoniam
350 1603 478 1645 fecit
500 1604 640 1645 Deus
665 1611 850 1646 noster
873 1607 1042 1646 omnia
1064 1606 1200 1646 bona
1222 1607 1388 1646 valde.

161 1659 208 1698 C.
229 1659 347 1698 Xlll.
393 1660 447 1700 Et
465 1660 547 1700 tibi
562 1662 743 1701 omnino
758 1674 847 1701 non
863 1666 932 1701 est
945 1662 1123 1710 malum,
1139 1675 1228 1700 non
1244 1663 1389 1702 solum

76 1714 174 1763 tibi,
190 1715 271 1754 sed
288 1727 371 1754 nec
388 1717 626 1756 universae
647 1721 880 1756 creaturae
898 1721 1019 1767 tuae,
1040 1719 1144 1770 quia
1162 1723 1391 1757 extranon

76 1775 146 1809 est
160 1770 345 1823 aliquid,
357 1772 703 1824 quodirrumpat
713 1772 1391 1826 etcorrumpatordinem,quem

75 1826 268 1878 posuisti
290 1828 344 1865 ei.
402 1826 449 1865 In
468 1828 669 1880 partibus
688 1833 837 1867 autem
857 1829 952 1867 eius
972 1828 1190 1881 quaedam
1211 1829 1390 1882 quibus·

78 1881 198 1925 dam,
218 1883 323 1934 quia
340 1894 430 1921 non
448 1885 741 1932 conveniunt,
766 1883 885 1923 mala
902 1889 1134 1936 putantum
1169 1890 1213 1924 et
1232 1885 1390 1924 eadem

74 1938 175 1990 ipsa
198 1938 472 1977 conveniunt
495 1938 617 1987 aliis,
645 1944 689 1978 et
705 1939 826 1978 bona
843 1944 966 1989 sunt,
993 1940 1098 1979 etin
1117 1945 1260 1979 semet
1275 1940 1386 1992 ipsis

74 1993 195 2032 bona
226 1998 342 2033 sunt.
402 1992 460 2032 Et
494 1997 645 2036 omnia
676 1993 811 2044 haec,
847 2007 960 2047 quae
991 1996 1172 2036 sibimet
1193 1995 1387 2035 invicem

76 2049 368 2098 conveniunt,
395 2050 669 2089 conveniunt
692 2049 901 2090 inferiori
923 2053 1041 2104 parti
1063 2063 1230 2100 rerum,
1258 2063 1388 2103 quam

74 2111 244 2145 terram
267 2104 478 2154 dicimus,
505 2103 746 2145 habentem
771 2107 949 2146 coelum
973 2120 1102 2146 suum
1127 2106 1388 2146 nubilosum

75 2166 210 2214 atque
229 2165 467 2201 ventosum
486 2173 735 2215 congruum
753 2161 854 2202 sibi.
914 2162 972 2201 Et
990 2162 1108 2202 absit
1125 2163 1211 2202 iam
1227 2193 1236 2211 ,
1255 2167 1304 2201 ut
1323 2162 1385 2201 di-

76 2228 244 2257 cerem:
271 2229 358 2257 non
380 2222 533 2258 essent
549 2219 656 2270 ista3
678 2219 782 2274 quia
799 2223 844 2259 et
861 2220 900 2259 si
918 2218 1017 2259 sola
1033 2219 1122 2259 ista
1140 2230 1386 2269 cernerem,
