1473 2443
71 165 154 206 276
403 166 674 208 AURELII
701 166 1076 211 AUGUSTINI

73 253 188 293 situs
211 262 303 291 non
325 250 576 303 intellexit3
609 257 898 308 comparatus
923 257 995 294 est
1009 253 1224 294 iumentis
1243 254 1390 295 insen-

72 307 207 357 satis,
241 311 288 348 et
318 306 481 348 similis
513 307 663 349 factus
698 314 769 351 est
789 309 898 351 illis.
919 309 1015 359 (Ps.
1033 309 1100 359 49,
1120 312 1208 362 21.)
1266 310 1391 365 Ergo

70 366 119 406 in
163 362 363 404 ecclesia
396 367 498 413 tua,
528 363 655 406 Deus
691 369 871 416 noster,
918 366 1166 406 secundum
1201 367 1396 420 gratiam

72 425 211 469 tuam,
230 431 364 472 quam
382 418 552 460 dedisti
570 420 631 471 εἰς
663 421 878 476 quoniam
892 424 1019 462 tuum
1038 435 1192 463 sumus
1210 422 1395 476 figmen-

71 480 190 525 tum,
223 474 369 515 creati
389 474 437 515 in
460 476 675 529 operibus
697 477 832 518 bonis
855 475 987 531 (Eph.
1006 478 1045 528 2,
1067 479 1175 528 10.),
1208 490 1300 517 non
1324 491 1394 517 so-

69 531 162 570 lum
187 531 264 584 qui
289 531 560 585 spiritaliter
580 538 815 587 praesunt,
851 533 933 574 sed
957 535 1091 574 etiam
1117 533 1172 583 ii,
1208 534 1285 587 qui
1309 535 1396 587 spi-

73 587 273 626 ritaliter
310 587 565 628 subduntur
607 588 696 638 eis,
743 589 821 642 qui
858 594 1089 643 praesunt.
1151 587 1395 629 Masculam

77 643 197 682 enim
219 649 262 682 et
272 641 494 699 feminam
498 642 660 700 fecisti
676 643 914 694 hominem,
942 643 1029 686 hoc
1047 644 1205 694 modo,
1230 645 1277 684 in
1294 657 1395 699 gra-

74 700 140 739 tia
170 703 250 738 tua
274 699 488 751 spiritali,
522 699 601 740 ubi
622 701 870 741 secundum
893 713 1050 742 sexum
1075 702 1281 754 corporis
1305 714 1396 741 non

76 760 147 794 est
169 755 399 795 masculus
423 760 469 795 et
485 754 673 808 femina3
707 757 814 810 quia
836 769 983 810 neque
1001 756 1220 806 Iudaeus,
1244 768 1392 810 neque

77 810 295 861 Graecus,
314 823 459 865 neque
479 824 652 863 servus,
670 825 817 865 neque
838 812 968 853 liber.
990 812 1111 862 (Gal.
1131 812 1171 862 3,
1188 811 1276 864 28.)
1298 812 1394 866 Spi-

73 868 232 907 ritales
252 868 487 920 ergo,sive
509 870 585 922 qui
601 874 832 923 praesunt,
853 869 948 908 sive
968 869 1043 922 qui
1064 868 1393 921 obtemperant,

74 924 343 975 spiritaliter
365 924 585 965 iudicant:
619 937 710 965 non
736 924 790 965 de
816 925 1158 979 cognitionibus
1178 924 1392 978 spiritali-

72 979 179 1028 bus,
215 991 329 1031 quae
363 979 516 1020 lucent
536 980 583 1019 in
604 981 910 1031 firmamento3
943 994 1034 1021 non
1058 981 1177 1021 enim
1211 985 1395 1034 oportet

75 1035 130 1074 de
164 1041 255 1074 tam
285 1035 466 1074 sublimi
489 1037 764 1076 auctoritate
788 1036 1015 1086 iudicare,
1038 1049 1187 1090 neque
1211 1036 1266 1076 de
1290 1036 1391 1089 ipso

69 1090 190 1130 libro
217 1096 317 1140 tuo,
346 1092 482 1130 etiam
507 1092 545 1130 si
565 1092 672 1145 quid
690 1092 754 1131 ibi
773 1104 862 1131 non
880 1092 1023 1142 lucet,
1059 1093 1272 1145 quoniam
1290 1092 1392 1132 sub-

69 1147 290 1186 mittimus
316 1146 358 1185 ei
385 1152 591 1186 nostrum
622 1147 926 1197 intellectum,
962 1152 1224 1201 certumque
1257 1147 1391 1188 habe-

70 1215 170 1241 mus
192 1203 328 1241 etiam
349 1202 470 1255 quod
489 1203 695 1242 clausum
713 1207 783 1242 est
801 1203 1092 1255 adspectibus
1112 1204 1302 1252 nostris,
1322 1215 1392 1243 re-

72 1263 143 1297 cte
163 1258 476 1311 veraciterque
500 1259 668 1298 dictum
687 1271 803 1299 esse.
864 1258 940 1300 Sic
960 1259 1079 1299 enim
1097 1257 1254 1309 homo,
1283 1259 1394 1298 licet

69 1314 162 1353 iam
190 1314 409 1366 spiritalis
437 1320 483 1354 et
497 1320 742 1354 renovatus
762 1315 808 1354 in
827 1315 1107 1368 agnitionem
1125 1314 1214 1354 Dei
1232 1327 1390 1354 secun-

71 1370 177 1410 dum
198 1371 444 1423 imaginem
469 1370 589 1420 eius,
625 1370 700 1424 qui
725 1372 897 1410 creavit
923 1383 1044 1420 euin,
1070 1370 1220 1411 factor
1243 1376 1391 1410 tamen

68 1425 188 1479 legis
217 1425 354 1465 debet
378 1438 502 1476 esse,
527 1438 618 1465 nou
640 1426 792 1467 iudex.
815 1426 922 1476 (Iac.
941 1427 980 1476 4,
1003 1428 1088 1477 ll.)
1148 1425 1307 1479 Neque
1335 1426 1390 1466 de

68 1481 150 1520 illa
174 1481 468 1521 distinctione
494 1482 685 1532 iudicat,
720 1483 992 1535 spiritalium
1014 1482 1232 1523 videlicet
1255 1487 1390 1535 atque

71 1537 321 1577 carnalium
356 1536 607 1587 hominum,
643 1539 719 1591 qui
741 1539 853 1589 tuis,
878 1538 1004 1579 Deus
1028 1544 1204 1588 noster,
1243 1538 1389 1578 oculis

69 1594 166 1632 noti
193 1598 319 1642 sunt,
354 1598 400 1633 et
423 1594 560 1634 nullis
585 1593 732 1634 adhuc
755 1595 885 1635 nobis
910 1595 1219 1648 adparuerunt
1244 1594 1389 1646 operi-

67 1649 175 1697 bus,
209 1654 259 1688 ut
289 1661 346 1689 ex
375 1648 599 1689 fructibus
637 1662 793 1690 eorum
818 1663 1149 1704 cognoscamus
1175 1662 1275 1699 eos;
1309 1649 1391 1688 sed

68 1709 139 1752 tu,
165 1703 383 1755 Domine,
416 1705 506 1745 iam
525 1706 614 1746 scis
642 1718 743 1756 eos,
769 1712 815 1746 et
833 1707 1049 1755 divisisti,
1086 1710 1131 1745 et
1150 1705 1325 1744 vocasti
1343 1705 1389 1744 in

69 1760 252 1799 occulto
287 1766 390 1800 ante
427 1774 558 1814 quam
591 1762 722 1801 fieret
745 1762 1087 1801 firmamentum.
1148 1760 1306 1813 Neque
1333 1760 1387 1800 de

66 1815 262 1855 turbidis
303 1810 432 1856 huius
466 1817 639 1856 saeculi
663 1818 844 1870 populis
871 1829 1142 1870 quamquam
1169 1816 1387 1870 spiritalis

66 1868 203 1910 homo
237 1871 422 1911 iudicat.
485 1872 604 1920 Quid
624 1874 742 1912 enim
767 1875 809 1912 ei
832 1873 886 1912 de
910 1873 991 1922 iis,
1027 1874 1104 1926 qui
1128 1871 1243 1912 foris
1268 1877 1386 1921 sunt,

68 1926 295 1975 iudicare,
326 1929 577 1980 ignoranti,
606 1930 705 1980 quis
730 1928 835 1968 inde
858 1933 1073 1968 venturus
1093 1929 1214 1968 sitin
1236 1927 1386 1967 dulce-

69 1982 220 2022 dinem
253 1983 425 2035 gratiae
462 1989 587 2032 tuae,
623 1989 669 2023 et
694 1985 793 2037 quis
826 1985 871 2024 in
895 1990 1116 2037 perpetua
1136 1983 1385 2037 impietatis

66 2039 366 2078 amaritudine
403 2040 718 2078 remansurus}
749 2039 948 2093 Ideoque
975 2039 1131 2089 homo,
1166 2051 1298 2092 quem
1321 2037 1385 2077 fe-

67 2095 171 2134 cisti
191 2095 246 2134 ad
265 2095 507 2147 imaginem
531 2099 674 2143 tuam,
699 2107 791 2134 non
821 2098 999 2148 accepit
1024 2100 1299 2148 potestatem
1319 2094 1384 2133 lu-

65 2150 304 2189 minarium
321 2150 454 2199 coeli,
470 2161 617 2202 neque
635 2150 776 2202 ipsius
791 2152 960 2191 occulti
980 2151 1113 2200 coeli,
1132 2162 1277 2204 neque
1294 2150 1385 2189 diei

68 2211 113 2244 et
132 2208 293 2255 noctis,
314 2218 428 2259 quae
447 2210 549 2245 ante
570 2206 688 2245 coeli
708 2208 1082 2247 constitutionem
1106 2206 1384 2251 vocasti‚ne-

68 2273 154 2312 quc
173 2261 546 2315 congregationis
566 2274 797 2315 aquarum,
816 2262 937 2316 quod
957 2268 1026 2302 est
1045 2274 1189 2312 mare3
1212 2262 1292 2302 sed
1311 2272 1382 2300 ac-
