1514 2438
428 441 624 498 DIVI
683 440 1062 500 AURELII

85 570 154 645 A
258 570 324 649 U
432 567 500 648 G
592 571 664 651 U
755 566 819 650 S
912 571 985 648 Τ
1075 573 1104 650 Ε
1201 574 1273 651 Ν
1362 575 1396 652 ἒ

264 708 1202 769 CONFESSIONUM

426 835 668 889 LIBER
721 836 1042 889 PRIMUS,

164 991 308 1043 Caput
324 991 357 1030 I.
418 964 639 1045 Blagnus
659 1003 722 1042 es,
743 991 954 1042 Domine,
977 999 1023 1032 et
1040 992 1282 1032 laudabilis
1302 994 1391 1032 vai-

82 1046 155 1096 de,
181 1058 345 1100 magna
362 1047 504 1088 virtus
523 1055 622 1096 tua,
649 1052 695 1087 et
712 1048 962 1101 sapientiae
981 1055 1086 1088 tuae
1106 1061 1195 1088 non
1224 1056 1294 1089 est
1320 1064 1395 1089 nu-

77 1111 242 1142 merus.
301 1102 360 1142 Et
377 1103 562 1143 laudare
582 1110 626 1143 te
644 1103 742 1143 vult
758 1102 915 1154 homo,
935 1104 1088 1157 aliqua
1104 1105 1255 1158 portio
1274 1118 1396 1145 crea-

76 1166 205 1197 turae
220 1164 346 1209 tuae3
364 1165 408 1199 et
422 1159 557 1199 homo
574 1159 899 1200 circumferens
912 1161 1239 1201 mortalitatem
1255 1174 1395 1211 suam,

78 1213 402 1255 circumferens
442 1216 758 1256 testimonium
782 1218 962 1269 peccati
991 1218 1082 1267 sui,
1114 1223 1160 1257 et
1191 1218 1393 1257 testimo-

76 1271 213 1319 nium,
233 1272 338 1324 quia
357 1271 564 1324 superbis
583 1273 785 1323 resistis,
806 1278 851 1312 et
866 1279 1019 1313 tamen
1036 1273 1222 1312 laudare
1240 1279 1284 1313 te
1303 1274 1397 1313 vult

78 1324 235 1376 homo,
262 1327 414 1379 aliqua
432 1328 584 1380 portio
605 1333 842 1368 creaturae
858 1334 979 1369 tuae.
1038 1330 1110 1369 Tu
1128 1330 1323 1379 excitas,
1348 1337 1397 1368 ut

76 1381 262 1421 laudare
285 1388 330 1421 te
352 1383 569 1435 delectet3
597 1385 702 1437 quia
722 1383 913 1424 fecisti
941 1397 1039 1424 nos
1066 1384 1127 1423 ad
1150 1389 1223 1434 te,
1251 1391 1302 1424 et
1327 1386 1396 1423 in-

78 1437 319 1489 quietum
350 1446 433 1478 est
463 1452 556 1479 cor
579 1446 846 1488 nostrum,
882 1440 1050 1479 donec
1079 1441 1397 1492 requiescat

76 1493 127 1531 in
152 1498 217 1533 te.
277 1493 349 1533 Da
366 1494 496 1545 mihi,
515 1494 732 1544 Domine,
753 1496 870 1535 scire
891 1500 936 1535 et
951 1495 1228 1548 intelligere,
1248 1502 1394 1535 utrum

76 1549 135 1588 sit
152 1550 275 1601 prius
302 1546 516 1594 invocare
541 1557 585 1591 te
599 1581 609 1601 ‚
636 1564 691 1590 an
713 1551 901 1591 laudare
918 1558 984 1602 te3
1011 1558 1056 1592 et
1073 1552 1189 1591 seire
1209 1560 1253 1591 te
1272 1553 1396 1605 prius

76 1605 154 1654 sit,
176 1617 231 1644 an
248 1605 463 1646 invocare
481 1613 542 1647 te.
605 1606 694 1647 Sed
714 1607 813 1660 quis
833 1613 877 1647 te
888 1606 1079 1647 'invocat
1098 1609 1305 1648 nesciens
1326 1610 1394 1648 te?

74 1660 207 1700 Aliud
233 1662 351 1701 enim
368 1675 448 1715 pro
470 1662 561 1702 alio
580 1668 735 1715 potest
751 1664 967 1703 invocare
986 1664 1193 1704 nesciens
1209 1670 1269 1704 te.
1328 1666 1393 1704 An

73 1716 226 1768 potius
250 1717 500 1768 invocaris,
518 1724 569 1757 ut
587 1718 775 1758 sciaris?
810 1718 1036 1769 Quomodo
1055 1726 1195 1760 (actem
1216 1720 1389 1760 invoca·-

77 1771 201 1821 bzmt,
230 1771 276 1812 in
296 1786 418 1827 quem
437 1787 524 1814 non
543 1774 847 1814 crediderunt?
876 1774 969 1816 Aut
987 1776 1197 1828 quomodo
1220 1777 1394 1817 credens

75 1827 164 1867 sine
181 1829 494 1881 praedicante?
526 1830 671 1880 (Rom.
701 1832 765 1881 10,
787 1831 876 1880 14.)
953 1830 1019 1872 Et
1039 1831 1279 1872 laudabam
1298 1831 1390 1871 Do-

75 1883 251 1934 minum,
274 1884 349 1939 qai
369 1885 599 1939 requirant
616 1899 724 1926 eum.
758 1886 852 1935 (Ps.
871 1888 940 1937 22,
959 1888 1047 1937 27.)
1110 1888 1390 1936 Quae‘rentes

76 1939 193 1978 enim
218 1940 452 1981 invenient
477 1954 600 1991 eum,
632 1947 677 1982 et
697 1943 983 1983 invenientes
1010 1944 1259 1984 laudabunt
1278 1957 1390 1984 eum.

76 1994 300 2042 Quaeram
331 2002 398 2046 te,
431 1996 649 2048 Domine,
695 1999 912 2038 invocans
935 2006 1003 2049 te,
1053 2007 1098 2038 et
1122 2000 1327 2040 invocem
1346 2008 1389 2039 te

76 2050 264 2091 credens
303 2053 351 2092 in
374 2059 441 2103 te3
473 2054 763 2106 praedicatus
798 2066 846 2094 es
866 2055 982 2094 enim
1002 2055 1148 2095 nobis.
1206 2056 1392 2095 Invocat

74 2112 141 2154 te,
164 2105 383 2158 Domine,
412 2109 524 2149 fides
542 2122 666 2160 mea,
693 2122 825 2163 quam
845 2110 1011 2150 dedisti
1030 2109 1159 2160 mihi,
1179 2124 1310 2164 quam
1327 2112 1390 2149 in-

75 2162 260 2213 spirasti
281 2163 391 2203 mihi
413 2177 495 2218 per
523 2164 848 2206 humanitatem
877 2166 958 2205 filii
975 2167 1061 2215 tui,
1087 2179 1169 2219 per
1189 2167 1389 2206 ministe-

76 2218 191 2256 rium
208 2220 542 2271 praedicatoris
562 2222 645 2262 tui.

129 2278 348 2315 AUGUST.
378 2282 616 2318 Com-sss.
1019 2279 1051 2316 Α
