1473 2443
122 138 176 180 6⁰
425 142 719 185 AURELII
747 147 1134 190 AUGUSTINI

122 226 334 278 (quarum
359 229 541 269 nomine
566 243 666 271 cum
690 242 767 271 eas
784 229 942 272 rhetor
960 232 1333 287 Carthaginensis
1350 246 1442 275 ma-

120 282 265 333 gister
295 296 422 324 meus
447 284 604 326 buccis
628 285 771 339 typho
799 289 1088 341 crepantibus
1116 301 1440 330 commemora-

120 343 204 387 ret,
225 343 270 378 et
296 339 375 378 alii
400 341 476 393 qui
494 340 617 381 docti
640 340 944 394 habebantur,
971 349 1199 398 tamquam
1215 344 1262 384 in
1278 346 1435 385 nescio

123 394 231 447 quid
247 407 459 449 magnum
484 401 531 436 et
550 397 749 436 divinum
773 411 1019 452 suspensus
1043 399 1316 451 inhiabam),
1339 401 1434 454 legi

121 462 198 489 eas
233 450 358 490 solus
393 456 439 491 et
469 452 703 493 intellexitt
735 453 857 502 Quas
887 467 988 494 cum
1016 456 1313 496 contulissem
1334 469 1435 495 cum

119 506 208 555 eis,
241 506 319 559 qui
348 519 396 547 se
422 507 635 548 dicebant
656 509 731 549 vix
755 521 831 549 eas
856 511 1089 563 magistris
1111 512 1432 551 eruditissimis

116 573 207 601 non
224 561 517 615 loquentibus
535 568 707 603 tantum
719 595 729 614 ,
755 565 837 604 sed
853 566 994 606 multa
1010 568 1056 606 in
1072 567 1259 619 pulvere
1280 567 1432 620 depin-

117 618 328 670 gentibus
361 619 666 670 intellexisse3
698 618 812 660 nihil
843 621 949 661 inde
982 623 1107 662 aliud
1136 621 1249 662 mihi
1281 622 1433 663 dicere

115 678 386 725 potuerunt,
420 687 553 727 quam
589 688 675 729 ego
711 675 837 716 solus
863 676 982 729 apud
1008 690 1079 718 me
1102 678 1251 731 ipsum
1272 678 1433 732 legens

117 741 438 784 cognoveram.
473 730 529 770 Et
542 732 653 771 satis
668 737 822 783 aperte
836 732 949 772 mihi
961 733 1230 774 videbantur
1246 734 1433 787 loquen-

113 790 185 825 tes
216 784 271 825 de
297 785 586 836 substantiis,
621 787 755 826 sicuti
780 792 851 827 est
874 786 1030 840 homo;
1063 794 1109 829 et
1134 802 1249 843 quae
1271 790 1317 829 in
1338 789 1431 829 illis

116 845 290 891 essent,
319 842 455 881 sicuti
481 846 551 882 est
576 842 722 896 figura
743 841 960 894 hominis,
988 845 1134 898 qualis
1154 845 1213 885 sit
1231 850 1276 885 et
1293 850 1431 885 statu-

112 908 184 946 ra,
204 902 316 950 quot
330 897 495 950 pedum
513 899 591 948 sit,
613 903 659 938 et
677 900 913 952 cognatm,
934 901 1061 940 cuius
1082 900 1226 940 frater
1249 901 1329 950 sit,
1355 905 1433 940 aut

112 952 192 992 ubi
219 953 280 993 sit
308 955 605 1004 constitutus,
641 959 718 994 aut
753 955 931 1007 quando
957 961 1088 997 natus
1112 962 1189 996 aut
1213 961 1322 1006 stet,
1355 961 1433 995 aut

114 1007 294 1058 sedeat,
322 1014 399 1049 aut
417 1009 647 1049 calceatus
665 1010 738 1049 vel
756 1016 953 1051 armatus
975 1012 1056 1061 sit,
1084 1018 1161 1052 aut
1179 1012 1351 1064 aliquid
1368 1010 1432 1051 fa-

115 1064 225 1114 ciat,
253 1070 330 1104 aut
353 1066 553 1117 patiatur
576 1065 769 1118 aliquid:
804 1073 850 1106 et
872 1079 1181 1120 quaecumque
1200 1069 1245 1107 in
1263 1067 1333 1107 his
1353 1079 1430 1107 no-

111 1132 213 1160 vem
231 1121 498 1174 generibus,
524 1133 715 1174 quorum
734 1122 930 1175 exempli
947 1124 1097 1176 gratia
1115 1123 1335 1176 quaedam
1352 1135 1431 1175 po-

113 1176 203 1225 sui,
242 1176 316 1215 vel
351 1177 397 1216 in
427 1176 528 1230 ipso
563 1177 846 1217 substantiae
881 1190 1049 1231 genere
1082 1178 1432 1219 innumerabilia

110 1232 415 1286 reperiuntur.
476 1231 598 1281 Quid
636 1231 725 1273 hoc
761 1231 871 1272 mihi
908 1233 1145 1286 proderat,
1186 1234 1364 1287 quando
1385 1238 1431 1273 et

113 1287 293 1338 oberat,
326 1300 426 1328 cum
454 1288 592 1328 etiam
614 1294 681 1338 te,
708 1288 834 1328 Deus
859 1302 1007 1339 meus,
1031 1290 1304 1330 mirabiliter
1327 1290 1430 1329 sim-

109 1343 277 1395 plicem
295 1349 431 1397 atque
448 1344 886 1394 incommutabilem,
910 1345 1002 1385 illis
1023 1346 1179 1386 decem
1196 1345 1430 1399 praedica-

108 1400 275 1440 mentis
287 1405 450 1452 putans
463 1400 682 1453 quidquid
695 1405 819 1440 esset
831 1401 1012 1440 omnino
1033 1400 1425 1454 comprehensum,

109 1455 177 1495 sic
206 1455 471 1509 intelligere
502 1468 714 1507 conarer,
747 1456 877 1509 quasi
904 1461 949 1496 et
970 1460 1018 1495 tu
1044 1457 1275 1497 subiectus
1300 1468 1426 1497 esses

108 1511 412 1564 magnitudini
441 1515 545 1551 tuae
569 1517 646 1552 aut
668 1510 1014 1564 pulchritudini,
1041 1517 1091 1552 ut
1111 1512 1194 1552 illa
1211 1517 1365 1553 essent
1381 1513 1427 1552 in

108 1572 154 1606 te
169 1568 298 1619 quasi
315 1568 360 1608 in
374 1567 599 1619 subiecto,
617 1568 790 1608 sicutin
812 1580 1024 1620 corpore3
1045 1581 1145 1608 cum
1161 1573 1240 1608 tua
1255 1568 1426 1621 magni-

108 1622 219 1661 tudo
255 1629 301 1663 et
331 1628 410 1663 tua
440 1622 730 1676 pulchritudo
763 1629 812 1663 tu
840 1624 937 1676 ipse
966 1624 1049 1673 sis;
1085 1636 1248 1677 corpus
1275 1629 1425 1663 autem

109 1689 199 1716 non
232 1690 286 1718 eo
321 1679 380 1718 sit
412 1691 624 1732 magnum
656 1685 702 1719 et
731 1677 988 1733 pulchrum,
1023 1692 1110 1731 quo
1148 1692 1311 1731 corpus
1340 1685 1424 1729 est,

109 1733 216 1785 quia
249 1734 336 1773 etsi
365 1734 513 1773 minus
550 1746 761 1787 magnum
788 1739 834 1773 et
853 1734 999 1774 minus
1023 1733 1258 1787 pulchrum
1285 1739 1423 1785 esset,

106 1786 250 1828 nihilo
269 1789 415 1828 minus
437 1800 600 1842 corpus
620 1789 767 1830 esset‘}
796 1789 994 1829 Falsitas
1013 1790 1131 1829 enim
1151 1795 1270 1839 erat,
1290 1802 1421 1843 quam

109 1843 163 1883 de
187 1849 234 1884 te
260 1844 538 1898 cogitabam,
571 1857 662 1885 non
688 1845 878 1895 veritas,
904 1849 950 1884 et
973 1845 1188 1899 figmenta
1209 1846 1421 1886 miseriae

106 1911 258 1950 meae,
292 1912 381 1940 non
413 1899 694 1940 firmamenta
714 1900 1011 1941 beatitudinis
1036 1906 1159 1941 tuae.
1216 1901 1421 1941 Iusseras

107 1955 245 2004 enim,
271 1961 317 1995 et
340 1956 408 1995 ita
433 1955 572 1995 fiebat
592 1956 638 1995 in
660 1968 755 2005 me,
778 1961 829 1996 ut
851 1960 976 1996 terra
993 1957 1146 2009 spinas
1165 1961 1211 1996 et
1225 1957 1420 1996 tribulos

106 2016 289 2064 pareret
315 2009 449 2061 mihi,
484 2016 530 2051 et
559 2024 659 2051 cum
689 2011 846 2051 labore
870 2013 1157 2065 pervenirem
1178 2011 1235 2051 ad
1257 2024 1419 2064 panem

104 2079 269 2107 meum.
326 2066 386 2107 Et
416 2067 524 2120 quid
552 2065 664 2107 mihi
686 2067 924 2120 proderat,
951 2067 1073 2121 quod
1098 2079 1253 2107 omnes
1277 2067 1419 2107 libros

105 2122 289 2172 artium,
315 2135 426 2175 quas
450 2121 665 2163 liberales
683 2128 867 2173 vocant,
882 2128 990 2163 tunc
1007 2123 1310 2176 nequissimus
1328 2135 1418 2162 ma-

104 2178 248 2219 larum
267 2178 563 2231 cupiditatum
582 2190 736 2218 servus
754 2191 834 2232 per
850 2191 921 2219 me
938 2179 1085 2231 ipsum
1102 2178 1212 2231 legi,
1227 2183 1273 2218 et
1287 2178 1417 2218 intel-

105 2233 218 2286 lexi,
242 2246 549 2289 quoscumque
566 2235 722 2290 legere
740 2234 895 2289 potui‘!
925 2234 983 2275 Et
999 2234 1253 2288 gaudebam
1269 2234 1316 2275 in
1335 2234 1417 2279 eis.
