1514 2438
245 400 1128 482 PRAEFATIO.

30 697 224 793 Quum
265 718 490 770 Carolus
524 716 855 769 Christianus
886 717 1259 781 Tauchnitius‚
1302 720 1358 767 in

24 788 290 839 literarum
339 789 638 838 divinarum
685 787 1137 858 humanarumque
1170 786 1359 838 studiis

28 858 335 908 adiuvandis
362 859 588 925 vestigia
611 859 775 925 patris
797 857 1359 925 persecutus,editioni

29 928 312 995 Augustini
345 927 410 977 de
444 928 654 977 civitate
680 927 785 977 Dei
816 926 1071 978 librorum
1106 938 1226 978 ante
1260 925 1361 976 hoc

33 997 339 1047 decennium
356 996 599 1065 proditae
625 1008 676 1047 et
701 1015 730 1046 a
756 999 885 1047 viris
911 997 1076 1048 doctis
1101 994 1360 1047 benevole

32 1077 318 1134 exceptae,
365 1066 601 1116 eiusdem
646 1068 917 1134 scriptoris
951 1065 1361 1118 Confessionum

32 1134 313 1186 editionem
355 1137 489 1204 typis
522 1139 791 1204 perpetuis
827 1154 1141 1206 expressam
1171 1135 1362 1185 addere

32 1207 409 1268 constituisset,
439 1224 572 1274 quae
601 1218 653 1256 et
677 1207 885 1257 modico
910 1208 1082 1275 pretio
1105 1203 1363 1274 parabilis

32 1284 81 1323 et
104 1276 159 1323 in
182 1274 455 1325 meliorem
478 1292 631 1326 usum
655 1276 824 1326 forma
851 1288 992 1326 esset
1013 1277 1225 1337 minori,
1250 1276 1362 1325 eius

38 1345 306 1394 curandae
334 1346 603 1411 negotium
627 1346 692 1395 ad
717 1363 799 1394 me
824 1345 1026 1396 detulit.
1102 1343 1220 1404 Quo
1247 1361 1363 1392 sus-

32 1422 180 1479 cepto
221 1425 272 1463 et
309 1416 603 1464 accuratius
648 1414 1008 1478 considerato,
1041 1431 1172 1464 mox
1210 1416 1362 1463 intel-

30 1480 161 1544 lexi,
186 1481 385 1532 nullam
411 1483 580 1535 adhuc
605 1485 881 1534 exstitisse
909 1484 1210 1547 editionem,
1225 1499 1359 1551 quae

32 1552 82 1599 in
119 1562 272 1600 textu
303 1552 533 1602 curando
567 1563 620 1602 et
651 1552 1008 1604 exscribendo
1042 1570 1212 1602 novae
1245 1553 1360 1601 uni·

30 1638 143 1670 cum
175 1631 355 1688 posset
385 1638 505 1672 esse
532 1621 822 1690 exemplar.
896 1621 1361 1673 Benedictinorum

29 1691 167 1739 enim
211 1690 397 1754 editio,
444 1708 597 1758 quam
630 1694 779 1760 sequi
807 1690 982 1743 solent
1012 1693 1358 1754 recentiores,

29 1776 130 1808 non
177 1758 347 1810 solum
391 1773 472 1810 sat
514 1761 691 1811 multis
730 1762 934 1811 mendis
966 1761 1359 1829 typographicis

27 1826 260 1892 laborat,
300 1829 397 1878 sed
439 1839 622 1881 textus
655 1832 816 1880 etiam
847 1832 1106 1899 genuinus
1139 1831 1223 1881 hic
1250 1828 1359 1880 illic

32 1899 345 1948 coniecturis
380 1901 678 1969 spuriisque
704 1899 884 1951 verbis
909 1900 1152 1962 adiectis,
1183 1902 1262 1950 uti
1287 1916 1357 1949 ex

35 1969 172 2016 notis
220 1968 417 2018 criticis
459 1969 640 2019 videre
673 1968 824 2035 licet,
862 1980 1045 2020 contra
1081 1982 1265 2038 aperta
1298 1967 1352 2017 li-

37 2034 245 2086 brorum
269 2053 425 2087 manu
454 2042 769 2106 scriptorum
798 2041 1102 2090 testimonia
1130 2047 1360 2090 mutatus

38 2116 131 2153 est.
203 2105 385 2174 Itaque
431 2108 496 2157 ad
541 2109 715 2158 fontes
761 2110 1067 2176 primarios,
1113 2118 1362 2177 quantum

36 2172 153 2225 fieri
184 2177 377 2241 potuit,
417 2177 739 2228 redeundum
773 2196 892 2228 esse
928 2182 1136 2241 censui,
1174 2189 1224 2226 et
1256 2179 1362 2244 pri—
