1514 2438
464 102 951 146 ARGUMENTUM.
1351 121 1402 151 xi

80 187 122 222 C.
140 190 173 221 3.
226 186 466 231 Cupiditates
489 198 536 221 ne
561 188 600 221 in
626 185 784 222 ecclesia
808 188 958 232 quidem
983 188 1184 233 opprimit3
1211 190 1251 224 in
1274 189 1402 226 schola

170 233 333 268 rhetoris
351 235 395 268 ab
414 244 628 268 eversorum
645 235 756 269 factis
773 236 964 269 abhorret.

77 281 120 315 C.
139 284 172 315 4.
225 280 418 315 Ciceronis
437 282 641 315 Hortensio
660 281 707 315 ad
723 281 1017 326 philosophiam,
1040 282 1173 323 Deum,
1190 282 1403 318 meliorem.

172 338 242 371 que
268 328 456 370 cogitandi
479 329 661 361 rationem
678 332 831 362 vocatur
848 340 942 363 anno
960 330 1096 364 aetatis
1113 330 1405 372 undevicesimo,

173 377 280 418 patre
299 375 450 408 biennio
468 379 554 409 ante
574 374 761 408 defuncto.

81 421 122 455 C.
140 423 172 454 5.
220 419 456 465 Scripturam
480 432 622 456 sacram
638 421 854 464 repudiavit
870 426 913 456 ut
929 421 1040 458 nimis
1057 423 1266 469 simplicem
1283 436 1404 469 neque

169 469 455 511 comparandam
474 469 651 511 dignitati
667 466 882 502 Tullianae.

77 514 117 548 53.
138 515 172 548 6.
222 513 299 549 Sua
331 514 444 559 culpa
477 515 660 559 deceptus
691 515 828 549 incidit
851 515 890 548 in
914 526 1061 551 errores
1087 516 1402 559 Manichaeorum,

166 572 256 596 vera
274 562 333 595 dei
351 562 560 604 cognitione
577 572 773 606 rerumque
791 565 1091 605 perscrutatione
1108 563 1359 606 gloriantium.

79 607 122 642 C.
141 608 173 642 7.
223 608 525 643 Manichaeorum
551 608 760 643 doctrinam
785 610 830 642 de
855 608 972 651 malo,
1002 611 1046 644 de
1074 612 1162 651 deo,
1190 612 1234 645 de
1260 613 1406 645 iustitia

168 654 466 700 patriarcharum
482 653 532 689 al.
547 656 756 699 impugnat.

79 700 121 735 C.
142 704 174 736 8.
226 702 368 736 Contra
383 702 534 737 eosdem
553 702 598 736 (le
614 703 759 736 ratione
776 702 1006 745 flagitiorum
1023 704 1188 738 disserit.

78 747 121 782 C.
139 750 172 784 9.
222 749 423 783 Diversum
448 760 530 784 esse
552 749 613 783 (lei
631 748 892 793 hominumque
910 750 1089 785 iudicium
1109 751 1155 785 de
1171 751 1404 786 facinoribus

167 794 351 830 humanis.

78 841 121 876 C.
142 845 199 876 10.
243 842 374 885 Nugas
392 841 695 878 Manichaeorum
715 842 760 877 de
778 845 901 877 terrae
919 843 1106 878 fructibus
1124 845 1293 887 castigat.

78 888 118 922 C.
139 893 194 923 11.
243 889 436 924 Lacrimas
460 892 499 924 et
521 888 762 925 memorabile
787 891 918 925 matris
942 891 1123 925 somnium
1150 892 1194 926 tle
1211 891 1290 926 filio
1309 892 1402 926 divi·

168 937 270 970 nitus
288 939 483 980 acceptum
499 937 632 972 refert.

76 982 118 1017 C.
138 986 193 1017 12.
242 983 445 1026 Egregium
469 983 641 1028 episcopi
664 994 885 1029 responsum
909 985 1030 1027 rogati
1053 996 1076 1019 a
1094 990 1214 1020 matre
1230 991 1271 1019 ut
1286 985 1404 1020 filium

167 1032 412 1065 converteret.

460 1105 663 1149 LIBER
694 1107 957 1157 QUARTU
971 1106 1015 1149 S.

144 1173 383 1221 Persequitur
411 1180 558 1220 tempus
581 1176 760 1211 novennii
778 1176 865 1211 inde
889 1178 937 1210 ab
963 1188 1062 1210 anno
1089 1178 1232 1211 aetatis
1249 1179 1403 1212 undevi-

80 1221 228 1262 cesimo,
265 1233 335 1268 quo
353 1221 402 1255 M
403 1223 608 1257 michaeas
623 1228 786 1264 secutus,
804 1223 926 1258 amico
945 1222 1099 1264 amisso,
1124 1224 1242 1268 libror
1260 1227 1303 1259 cie
1317 1227 1404 1271 pnl-

76 1268 167 1303 chro
186 1273 223 1303 et
246 1273 341 1315 apto
360 1268 534 1315 scripsit,
560 1274 597 1304 et
614 1271 761 1305 artibus
779 1269 995 1304 liberalibus
1014 1276 1050 1305 et
1063 1270 1282 1306 Aristotelis
1301 1279 1402 1305 cate-

70 1314 191 1359 goriis
208 1325 366 1362 operam
382 1315 497 1350 dedit.
548 1316 659 1363 (Pag.
677 1318 861 1361 44—62.)

76 1375 118 1408 C.
139 1378 169 1408 l.
218 1376 277 1409 De
301 1378 471 1420 tempore
486 1375 769 1416 infelicissimo,
797 1388 866 1420 quo
885 1378 967 1421 ipse
984 1378 1162 1411 seductus
1179 1377 1274 1411 alios
1292 1379 1401 1412 sedu-

164 1422 236 1462 xit,
255 1425 294 1456 et
311 1423 560 1458 confessionis
577 1435 665 1458 suae
681 1424 910 1458 irrisoribus.

76 1468 118 1502 C.
138 1471 170 1502 2.
221 1469 362 1503 Docuit
376 1468 624 1510 rhetoricam,
643 1482 753 1504 unam
771 1473 916 1504 tantum
933 1471 1089 1510 amavit,
1108 1473 1146 1504 et
1163 1470 1402 1516 haruspicem

162 1514 359 1549 victoriam
378 1516 623 1559 spondentem
643 1518 851 1551 contemsit.

73 1561 115 1595 C.
135 1565 168 1596 3.
217 1561 456 1605 Astrologiae
480 1564 704 1603 vanitatem,
738 1566 796 1598 cui
822 1564 972 1598 deditus
991 1570 1090 1604 erat,
1115 1576 1162 1599 ne
1179 1566 1402 1610 peritissimi

163 1609 313 1653 quidem
329 1610 401 1643 viri
419 1610 452 1643 ei
471 1611 698 1653 persuadere
716 1615 932 1654 potuerunt.

75 1655 115 1689 C..
133 1659 168 1691 4.
218 1656 343 1689 Morte
377 1657 486 1690 amici
512 1658 677 1699 graviter
699 1658 867 1693 afflictus
892 1659 983 1692 fletu
1009 1657 1300 1693 consolationem
1329 1661 1400 1693 sihi

163 1703 323 1747 paravit.

73 1748 115 1782 C.
135 1750 168 1782 5.
220 1749 296 1783 Cur
312 1750 425 1783 fletus
443 1750 590 1785 miseris
608 1752 657 1785 sit
677 1750 808 1785 dulcis.

75 1795 116 1828 C.
136 1798 169 1830 6.
215 1795 344 1830 Amico
370 1799 488 1830 morte
506 1798 665 1841 abrepto
685 1799 878 1832 dimidium
897 1810 937 1832 se
954 1800 1178 1833 remansisse
1198 1802 1384 1843 opinatur.

73 1841 113 1875 C.
134 1845 166 1875 7.
217 1842 483 1887 Inquietudine
502 1848 541 1877 et
558 1843 686 1878 dolore
703 1849 863 1879 vexatus
885 1846 929 1879 (le
946 1847 1071 1889 patria
1089 1848 1223 1880 iterum
1244 1846 1399 1880 Cartha-

162 1890 283 1931 ginem
300 1890 486 1930 migravit.

72 1936 113 1968 C.
134 1939 166 1969 8.
218 1934 399 1969 Dolorem
418 1937 579 1971 cessisse
598 1940 767 1982 tempore
786 1943 823 1972 et
840 1940 1040 1973 amicorum
1059 1938 1220 1973 solatiis.

73 1982 114 2015 C.
134 1986 166 2016 9.
217 1982 432 2015 Amicitiam
459 1982 654 2017 humanam
672 1985 829 2019 amando
856 1989 894 2019 et
910 1986 1138 2020 redamando
1166 1989 1399 2020 constantem

163 2030 307 2072 perire:
336 2040 444 2062 unum
464 2030 526 2073 qui
545 2031 583 2063 in
602 2031 684 2065 Deo
703 2036 812 2071 amat,
823 2043 1019 2076 numquam
1038 2034 1194 2066 amicum
1212 2034 1395 2066 amittere.

73 2075 114 2108 C.
137 2078 192 2108 10.
242 2075 373 2109 omnia
390 2077 556 2110 existere
575 2081 616 2111 ut
631 2079 833 2119 intereant,
852 2090 969 2123 neque
987 2091 1053 2113 nos
1073 2078 1196 2113 salvos
1214 2091 1309 2119 esse,
1326 2078 1400 2112 nisi

165 2123 269 2156 Deus
287 2123 509 2165 prospiciat.

74 2167 117 2202 C.
139 2172 192 2202 11.
242 2167 329 2202 Non
348 2170 475 2203 mundi
494 2174 622 2213 partes
639 2183 722 2206 esse
739 2173 927 2212 amandas,
940 2174 1005 2207 sed
1024 2173 1143 2206 Deum
1163 2183 1288 2206 earum
1305 2174 1399 2205 arti·

164 2216 271 2250 ficem
287 2215 555 2251 immutabilem
573 2219 724 2262 eiusque
744 2221 894 2253 verbum
913 2224 1115 2254 aeternum.
