1514 2438
269 100 808 143 CONFESSIONUM
838 99 1048 144 LIBER
1083 102 1137 144 V.
1323 103 1374 144 63

48 186 208 227 dei-ent
226 191 269 226 te
289 186 519 226 videntem
539 199 604 236 se,
625 190 761 240 atque
782 188 1019 228 excaecati
1040 188 1087 228 in
1105 194 1150 228 te
1173 186 1374 229 offende-

47 248 166 293 rent,
201 242 307 296 quia
330 255 420 282 non
449 243 626 282 deseris
652 243 825 295 aliquid
852 256 1031 294 eorum,
1061 257 1176 298 quae
1201 243 1374 287 fecisti,

49 299 94 338 ln
114 304 158 338 te
180 298 468 339 offenderent
484 298 659 347 iniusti,
679 303 725 338 et
741 300 861 340 iuste
881 306 1180 350 vexarentur,
1200 301 1376 340 subtra-

46 353 206 394 hentes
220 367 268 394 se
282 354 459 394 lenitati
479 360 600 405 tuae,
617 359 664 394 et
683 354 973 396 offendentes
989 357 1035 396 in
1052 357 1376 397 rectitudinem

43 417 187 459 tuam,
222 415 268 451 et
292 411 509 451 cadentes
542 411 585 450 in
613 412 914 463 asperitatem
940 425 1082 453 suam.
1145 412 1377 453 Videlicet

44 467 274 516 nesciunt,
305 467 427 519 quod
451 467 619 520 ubique
651 467 738 517 sis,
769 480 902 521 quem
922 468 1073 508 nullus
1093 469 1376 509 circumscri-

42 523 109 562 bit
136 522 285 572 locus,
319 529 365 563 et
389 524 517 563 solus
537 535 584 563 es
603 535 846 576 praesens,
875 524 1013 564 etiam
1031 525 1112 574 iis,
1141 526 1218 578 qui
1236 525 1373 579 longe

42 578 155 618 fiunt
179 590 205 618 a
228 583 288 619 te.
353 578 690 619 Convertantur
719 592 829 633 ergo
857 585 903 620 et
920 586 1142 633 quaerant
1166 586 1236 632 te,
1271 582 1377 634 quia

41 646 130 675 non
157 634 276 674 sicut
292 634 383 688 ipsi
401 635 705 676 deseruerunt
722 641 979 676 creatorem
1000 650 1152 686 suum,
1179 637 1245 677 ita
1265 644 1310 677 et
1326 643 1376 677 tu

41 690 288 732 deseruisti
334 697 591 731 creaturam
631 696 770 733 tuam.
830 692 924 745 Ipsi
964 698 1289 733 convertantur
1330 699 1377 733 et

41 752 263 800 quaerant
285 752 356 797 te,
380 752 425 788 et
448 760 555 788 eece
585 748 651 788 ibi
669 761 717 788 es
735 749 782 788 in
800 748 940 789 corde
961 761 1142 798 eorum,
1168 749 1215 789 in
1235 749 1372 789 corde

41 803 357 844 confitentium
387 804 497 853 tibi,
525 809 571 844 et
593 805 936 858 proficientium
962 818 1010 845 se
1036 805 1082 844 in
1107 811 1174 855 te,
1205 810 1251 845 et
1277 806 1374 858 plo-

41 860 237 899 rantium
260 859 307 899 in
333 860 435 899 sinu
451 866 530 900 tuo
551 866 657 914 post
675 861 770 901 vias
789 873 895 901 suas
915 861 1145 912 difficiles;
1181 867 1226 901 et
1242 867 1292 901 tu
1310 861 1373 901 fa-

41 916 142 956 cilis
169 920 357 969 tergens
383 916 595 957 lacrimas
630 929 813 968 eorum3
848 923 894 957 et
923 918 1070 971 magis
1097 918 1300 972 plorant,
1331 924 1376 957 et

40 971 243 1025 gaudent
260 972 306 1011 in
323 971 523 1023 fletibus,
544 974 760 1025 quoniam
777 978 841 1023 tu,
859 973 1075 1024 Domine,
1096 986 1186 1014 non
1206 974 1371 1027 aliquis

39 1026 199 1075 homo,
227 1040 334 1068 caro
357 1034 402 1068 et
420 1029 630 1082 sanguis,
657 1030 739 1070 sed
756 1034 827 1080 tu,
853 1029 1074 1080 Domine,
1107 1031 1182 1084 qui
1201 1029 1372 1079 fecisti,

37 1083 189 1124 reficis
216 1089 262 1124 et
288 1085 546 1125 consolaris
573 1097 669 1126 eos.
730 1086 789 1126 Et
808 1086 885 1126 ubi
906 1098 992 1139 ego
1014 1099 1159 1137 eram,
1188 1087 1371 1139 quando

35 1146 81 1180 te
102 1140 404 1193 quaerebam}
423 1141 481 1180 Et
496 1146 546 1182 tu
567 1153 669 1182 eras
689 1147 794 1182 ante
814 1154 903 1192 me,
917 1155 1003 1196 ego
1025 1148 1175 1182 autem
1191 1148 1239 1184 et
1261 1155 1286 1182 a
1300 1155 1372 1182 me

37 1196 365 1248 discesseram3
398 1210 483 1237 nec
507 1209 578 1238 me
602 1198 912 1249 inveniebam3
947 1204 1117 1252 quanto
1136 1199 1285 1238 minus
1303 1199 1370 1238 te!

123 1252 172 1293 C.
197 1252 273 1293 III.
335 1252 598 1306 Proloquar
627 1255 675 1293 in
699 1260 950 1307 conspectu
975 1254 1063 1295 Dei
1090 1255 1180 1294 mei
1207 1267 1371 1294 annum

37 1308 165 1348 illum
207 1308 615 1350 undetricesimum
650 1311 817 1350 aetatis
851 1323 996 1351 meae.
1058 1311 1151 1350 Iam
1184 1316 1374 1350 venerat

39 1362 364 1417 Carthaginem
378 1366 562 1417 quidam
579 1364 959 1416 Manichaeorum
979 1366 1239 1419 episcopus,
1253 1366 1369 1406 Fau-

38 1425 135 1459 stus
155 1420 359 1470 nomine,
379 1433 570 1474 magnus
589 1421 780 1473 laqueus
801 1422 991 1471 diaboli,
1012 1427 1058 1461 et
1074 1422 1205 1461 multi
1223 1421 1371 1474 impli-

38 1475 259 1515 cabantur
272 1476 316 1515 in
337 1489 392 1516 eo
411 1489 493 1529 per
511 1477 779 1517 illecebram
797 1477 1216 1530 suaviloquentiae3
1238 1490 1373 1530 quam

39 1543 125 1584 ego
142 1533 327 1571 tametsi
345 1533 604 1582 laudabam,
620 1532 939 1573 discernebam
959 1538 1112 1573 tamen
1129 1546 1157 1573 a
1173 1534 1370 1574 veritate

36 1599 209 1637 rerum,
230 1600 420 1641 quarum
440 1588 762 1629 discendarum
781 1589 939 1629 avidus
960 1602 1106 1640 eram3
1141 1601 1225 1630 nec
1245 1591 1370 1643 quali

35 1643 222 1683 vasculo
243 1646 468 1685 sermonis
482 1675 493 1695 ‚
522 1645 601 1685 sed
624 1645 731 1698 quid
749 1644 861 1685 mihi
882 1645 1105 1686 scientiae
1126 1646 1367 1686 comeden-

35 1699 140 1739 dum
166 1699 421 1754 adponeret
443 1701 703 1741 nominatus
723 1702 843 1754 apud
862 1714 943 1741 eos
960 1702 1040 1742 ille
1055 1702 1253 1743 Faustus
1266 1732 1277 1752 ,
1302 1703 1366 1742 in-

34 1755 209 1796 tuebar.
268 1756 411 1797 Fama
447 1757 566 1797 enim
599 1757 654 1797 de
688 1758 770 1798 illo
804 1758 1076 1811 praelocuta
1107 1756 1220 1798 mihi
1253 1765 1366 1808 erat,

35 1812 157 1864 quod
182 1818 306 1853 esset
323 1812 619 1853 honestarum
639 1814 839 1854 omnium
858 1814 1169 1854 doctrinarum
1186 1815 1365 1868 peritis-

35 1869 198 1917 simus,
241 1875 287 1908 et
319 1870 522 1923 adprime
558 1869 815 1923 disciplinis
840 1870 1111 1911 liberalibus
1142 1871 1364 1912 eruditus.

35 1923 93 1962 Et
125 1925 340 1977 quoniam
370 1925 514 1965 multa
542 1924 928 1979 philosophorum
962 1927 1167 1981 legeram
1193 1939 1363 1967 memo-

34 1980 221 2033 riaeque
244 1982 457 2022 mandata
479 1981 756 2033 retinebam,
777 1994 834 2023 ex
853 1983 921 2022 eis
941 1983 1163 2036 quaedam
1182 1995 1363 2036 compa-

32 2035 188 2076 rabam
222 2037 316 2078 illis
348 2035 728 2078 Manichaeorum
759 2039 912 2093 longis
945 2038 1135 2079 fabulis:
1174 2044 1221 2079 et
1251 2037 1364 2079 mihi

32 2091 346 2144 probabiliora
370 2093 463 2134 ista
481 2093 772 2144 videbantur,
798 2107 913 2148 quae
934 2095 1150 2136 dixerunt
1165 2094 1256 2146 illi,
1286 2094 1362 2147 qui

34 2152 203 2188 ‘tantum
232 2154 479 2202 potuerunt
503 2149 677 2201 valere,
702 2155 753 2191 ut
777 2156 966 2204 possent
989 2151 1237 2191 aestimare-
1263 2162 1360 2191 sae-

31 2203 194 2254 culum,
211 2218 480 2260 quamquam
502 2206 599 2247 eius
617 2205 863 2248 Dominum
880 2208 1065 2248 minime
1084 2206 1357 2256 invenerint3
