1473 2443
93 168 170 208 152
417 167 691 209 AURELII
719 169 1085 212 AUGUSTINI

89 252 307 293 entalium
322 253 531 305 partium,
551 265 606 293 ne
623 254 815 308 populus
833 258 1057 296 moeroris
1073 256 1227 297 taedio
1248 261 1399 297 conta-

88 310 320 357 besceret,
343 309 599 349 institutum
623 315 711 361 est3
745 316 790 351 et
813 323 868 351 ex
883 311 964 352 illo
982 313 1029 352 in
1047 310 1315 352 hodiernum
1331 324 1399 352 re-

87 369 278 413 tentum,
293 364 447 404 multis
462 366 551 404 iam
566 378 619 405 ac
632 378 773 418 paene
794 367 999 407 omnibus
1019 369 1234 421 gregibus
1250 370 1341 408 tuis
1358 373 1403 408 et

90 432 171 474 per
195 425 378 459 caetera
401 420 525 460 orbis
548 421 844 462 imitantibus.
905 424 1033 462 Tunc
1055 428 1303 463 memorato
1329 436 1402 463 an-

88 475 225 515 tistiti
242 480 322 515 tuo
342 487 422 529 per
440 476 583 515 visum
601 478 835 529 aperuisti,
855 490 942 531 quo
958 478 1061 518 loco
1080 479 1276 518 laterent
1291 491 1403 518 mar-

87 539 241 584 tyrum
265 543 459 583 corpora
477 530 676 572 Protasii
695 537 740 572 et
759 533 987 583 Gervasii,
1016 546 1128 587 quae
1147 546 1229 586 per
1245 539 1314 574 tot
1331 547 1404 574 an·

90 600 174 626 nos
199 588 465 640 incorrupta
487 588 534 627 in
557 585 772 629 thesauro
797 591 966 630 secreti
982 591 1049 629 tui
1066 590 1405 639 recondideras,

90 642 210 682 unde
235 648 488 695 opportune
506 655 739 695 promeres
757 644 814 684 ad
834 644 1133 684 coercendam
1152 646 1325 685 rabiem
1342 644 1405 684 fe-

93 699 303 747 mineam,
323 699 404 738 sed
420 700 606 751 regiam.
654 699 763 739 Cum
783 702 901 740 enim
918 701 1155 753 propalata
1174 705 1218 740 et
1237 700 1408 741 effossa

95 754 232 806 digno
268 766 368 793 cum
400 751 573 794 honore
606 754 964 795 transferrentur
986 756 1043 796 ad
1060 757 1407 797 Ambrosianam

92 808 350 859 basilicam,
374 822 464 849 non
489 810 635 850 solum
660 823 773 864 quos
797 812 1014 851 immundi
1038 813 1261 852 vexabant
1278 813 1406 865 spiri-

92 874 166 904 tus
187 864 411 905 confessis
432 866 603 906 eisdem
622 867 916 908 daemonibus
936 867 1229 916 sanabantur,
1255 880 1408 907 verum

94 921 230 960 etiam
262 922 441 974 quidam
473 922 625 975 plures
658 935 799 962 annos
823 935 985 964 caecus
1009 925 1119 963 civis
1145 923 1405 976 civitatique

93 977 376 1027 notissimus,
393 990 492 1017 cum
508 978 665 1030 populi
677 978 994 1018 tumultuantis
1010 979 1198 1019 laetitae
1227 991 1408 1018 causam

95 1033 352 1085 quaesisset
369 1037 502 1085 atque
516 1033 734 1084 audisset,
748 1034 962 1083 exsilivit,
979 1046 1124 1088 eoque
1144 1046 1192 1075 se
1209 1039 1258 1074 ut
1276 1034 1407 1074 duce-

90 1092 178 1137 ret,
199 1101 328 1127 suum
346 1087 505 1127 ducem
521 1090 713 1141 rogavit.
768 1088 867 1137 Quo
887 1091 1132 1142 perductus
1149 1090 1408 1143 impetravit

90 1143 288 1193 admitti,
323 1148 372 1183 ut
409 1144 591 1184 sudario
621 1148 832 1197 tangeret
860 1143 1079 1185 feretrum
1107 1148 1337 1199 pretiosae
1360 1147 1408 1186 in

93 1204 345 1252 conspectu
367 1204 446 1239 tuo
465 1200 626 1240 mortis
645 1205 905 1241 sanctorum
920 1205 1117 1241 tuorum.
1180 1201 1311 1249 Quod
1330 1203 1410 1242 ubi

91 1253 228 1304 fecit,
261 1260 395 1308 atque
427 1255 626 1295 admovit
656 1256 824 1306 oculis,
858 1255 1099 1298 confestim
1121 1259 1268 1309 aperti
1291 1262 1406 1297 sunt.

97 1309 188 1363 [Cf.
215 1311 403 1363 August.
424 1310 478 1350 de
499 1312 620 1351 civit.
641 1312 715 1351 dei
733 1312 800 1361 22,
819 1310 882 1365 8.]
942 1312 1050 1352 Inde
1085 1311 1205 1352 fama
1237 1312 1406 1352 discur-

92 1378 219 1415 rens,
242 1366 347 1405 inde
366 1366 523 1406 laudes
541 1371 645 1406 tuae
664 1366 893 1407 ferventer
909 1367 1136 1417 lucentes,
1161 1367 1265 1408 inde
1284 1368 1407 1407 illius

92 1423 303 1461 inimicae
320 1420 574 1475 [Iustinae]
602 1424 796 1473 animus,
822 1424 909 1462 etsi
928 1424 983 1463 ad
1003 1424 1219 1463 credendi
1244 1424 1408 1463 sanita-

94 1481 187 1516 tem
204 1489 293 1516 non
312 1477 565 1530 ampliatus,
585 1491 611 1518 a
628 1478 932 1531 persequendi
948 1484 1098 1519 tamen
1116 1478 1271 1519 furore
1291 1490 1408 1518 com-

93 1543 278 1585 pressus
299 1537 380 1572 cst.
443 1533 622 1574 Gratias
640 1535 744 1584 tibi,
767 1533 892 1574 Deus
910 1547 1051 1575 meus.
1110 1534 1237 1574 Unde
1257 1539 1301 1573 et
1319 1547 1406 1586 quo

96 1588 269 1628 duxisti
289 1589 655 1629 recordationem
678 1602 843 1639 meam,
868 1595 916 1630 ut
935 1589 1046 1629 haec
1067 1592 1202 1629 etiam
1220 1590 1408 1630 confite-

93 1655 169 1683 rer
184 1643 289 1694 tibi,
311 1656 422 1698 quae
441 1658 604 1698 magna
623 1645 789 1685 oblitus
807 1645 1154 1698 praeterieram?v
1185 1645 1242 1683 Et
1260 1650 1408 1683 tamen

95 1705 223 1749 tunc,
250 1714 349 1740 cum
373 1701 438 1740 ita
461 1699 690 1753 fragraret
715 1701 830 1740 odor
852 1706 1186 1753 unguentorum
1209 1704 1406 1748 tuorum,

97 1767 186 1794 non
222 1756 512 1795 currebamus
547 1761 651 1808 post
681 1761 749 1806 te3
782 1761 826 1795 et
849 1755 953 1795 ideo
979 1756 1078 1808 plus
1105 1755 1265 1794 flebam
1288 1757 1408 1794 inter

96 1812 273 1849 cantica
304 1809 571 1863 hymnorum
595 1816 801 1860 tuorum,
836 1812 942 1850 olim
967 1812 1197 1862 suspirans
1221 1812 1328 1859 tibi,
1363 1815 1409 1849 et

92 1866 274 1904 tandem
285 1867 527 1919 respirans,
542 1870 755 1919 quantum
766 1871 890 1919 patet
900 1878 1009 1905 aura
1022 1868 1066 1906 in
1079 1866 1211 1906 domo
1226 1865 1272 1906 fo
1280 1877 1405 1905 enea.

178 1921 225 1960 C.
253 1920 371 1961 Vlll.
434 1921 521 1969 Qui
553 1921 756 1962 habitare
790 1921 903 1961 facis
928 1923 1159 1961 unanimes
1184 1923 1230 1961 in
1255 1922 1405 1969 domo,

96 1977 374 2016 consociasti
417 1977 547 2016 nobis
587 1981 632 2016 et
663 1977 886 2017 Evodium
916 1979 1124 2017 iuvenem
1157 1989 1211 2016 ex
1246 1982 1404 2015 nostro

92 2032 353 2084 municipio.
415 2032 504 2080 Qui
528 2045 628 2072 cum
646 2045 784 2086 agens
803 2034 849 2074 in
865 2033 1001 2072 robus
1020 2033 1256 2080 militaret,
1280 2032 1406 2083 prior

94 2087 226 2126 nobis
245 2087 301 2127 ad
316 2092 362 2127 te
382 2100 628 2128 conversus
649 2094 718 2128 est
739 2093 782 2127 et
799 2089 1071 2142 baptizatus,
1089 2092 1133 2127 et
1150 2087 1311 2126 relicta
1328 2086 1405 2125 mi-

93 2143 194 2182 litia
211 2143 435 2183 saeculari
454 2143 687 2183 adcinctus
705 2145 750 2184 in
767 2149 858 2184 tua.
893 2143 1033 2184 Simul
1051 2155 1247 2192 eramus,
1273 2141 1407 2182 simul

94 2196 341 2239 habitaturi
371 2199 540 2253 placito
575 2204 746 2240 sancto.
810 2200 1168 2248 (haerebamus,
1203 2200 1406 2251 quisnam

94 2253 222 2294 locus
255 2267 337 2295 nos
369 2255 526 2296 utilius
560 2253 749 2296 haberet
781 2258 1031 2296 servientes
1069 2255 1166 2295 tibi.
1228 2254 1406 2294 Pariter
