1473 2443
62 140 144 186 134
391 144 661 187 AURELII
683 143 1053 195 AUGUST1N1

61 240 245 269 sanares
281 241 307 268 a
337 230 496 269 morbo
532 231 946 284 concupiscentiae,
986 244 1116 285 quam
1147 233 1368 275 malebam

61 284 235 338 expleri
267 297 399 337 quam
431 286 675 339 exstingui.
731 287 790 327 Et
821 289 963 328 ieram
990 300 1071 341 per
1092 290 1186 329 vias
1208 302 1368 343 pravas

60 340 382 394 superstitione
402 341 641 395 sacrilega,
659 354 748 382 non
768 343 947 396 quidem
966 348 1115 384 certus
1136 345 1181 384 in
1200 357 1268 395 ea,
1288 345 1368 385 sed

62 398 191 450 quasi
206 408 489 450 praeponens
509 409 607 438 eam
626 400 835 448 caeteris,
852 412 965 453 quae
984 412 1073 440 non
1090 401 1162 453 pie
1183 412 1368 453 quaere-

60 453 185 501 bam,
219 452 300 491 sed
330 452 511 493 inimice
544 455 871 507 oppugnabam.
928 455 988 495 Et
1013 461 1276 508 putaveram
1299 469 1369 496 nie

60 512 304 562 propterea
326 507 510 548 differre
536 509 591 549 de
612 509 683 549 die
702 510 748 549 in
767 510 905 561 diem,
932 517 1159 551 contemta
1177 524 1254 564 spe
1274 524 1370 551 sae-

63 563 153 603 culi
183 568 228 603 te
262 563 410 603 solum
444 565 594 617 sequi,
628 565 733 618 quia
763 578 854 605 non
877 565 986 607 mihi
1010 567 1257 620 adparebat
1276 580 1369 607 cer·

62 624 155 659 tum
174 619 358 672 aliquid,
379 632 465 673 quo
489 620 733 674 dirigerem
751 633 930 661 cursum
947 634 1109 662 meum.
1165 623 1224 662 Et
1238 635 1370 662 vene-

61 680 133 714 rat
149 675 261 725 dies,
277 687 364 728 quo
380 676 574 716 nudarer
585 675 709 726 mihi,
724 681 770 716 et
781 678 1037 731 increparet
1049 691 1119 718 me
1139 680 1370 718 conscien-

61 733 125 770 tia
148 743 262 770 mea.
321 731 409 771 Ubi
428 744 495 782 es,
521 732 700 786 lingua‘.l
729 731 899 786 Nempe
918 738 967 772 tu
985 733 1168 774 dicebas
1185 740 1371 787 propter

61 789 284 827 incertum
307 799 462 827 verum
480 787 601 827 nolle
620 793 664 828 te
685 788 881 828 abiicere
903 790 1126 829 sarcinam
1142 790 1370 829 vanitatis.

61 842 180 882 Ecce
197 843 286 882 iam
301 847 473 882 certum
487 848 570 893 est,
588 848 632 883 et
644 843 724 883 illa
735 849 779 884 te
797 842 943 884 adhuc
960 847 1139 898 premit,
1154 843 1371 885 humeris-

64 910 149 950 que
185 898 474 938 liberioribus
507 911 676 952 pennas
703 901 929 952 recipiunt
953 902 1026 953 qui
1051 912 1195 954 neque
1220 901 1286 940 ita
1307 903 1372 940 in-

64 954 284 1006 quirendo
310 954 466 994 adtriti
489 960 612 1005 sunt,
645 967 729 995 nec
752 955 972 995 decennio
999 962 1044 995 et
1068 956 1258 1008 amplius
1283 957 1374 996 ista

62 1009 282 1049 meditati.
341 1010 409 1049 Ita
424 1010 620 1050 rodebar
637 1011 779 1060 intus,
808 1016 853 1050 et
871 1011 1181 1051 confundebar
1200 1011 1372 1065 pudore

61 1063 270 1105 horribili
288 1063 592 1115 vehementer,
612 1078 711 1105 cum
728 1065 1016 1106 Pontitianus
1037 1068 1148 1107 talia
1165 1067 1372 1120 loquere-

61 1126 148 1160 tur.
209 1122 471 1161 Terminato
494 1127 645 1161 autem
662 1133 871 1163 sermone
894 1128 938 1161 et
956 1135 1111 1172 causa,
1137 1135 1224 1176 qua
1240 1135 1373 1162 vene-

61 1182 154 1225 rat,
180 1178 290 1216 abiit
312 1176 404 1216 ille.
463 1177 521 1216 Et
546 1189 632 1230 ego
659 1177 715 1216 ad
736 1189 828 1216 me:
862 1189 976 1230 quae
995 1180 1148 1217 nonin
1166 1190 1236 1217 me
1257 1178 1373 1217 dixit*

63 1232 223 1285 quibus
258 1234 586 1272 sententiarum
617 1233 882 1272 verberibus
912 1245 1002 1272 non
1027 1233 1255 1286 flagellari
1282 1235 1373 1273 ani·

60 1300 178 1328 mam
200 1300 365 1337 meam,
388 1293 438 1327 ut
453 1293 722 1341 sequeretur
746 1300 816 1327 me
843 1294 1079 1328 conantem
1096 1293 1200 1342 post
1217 1293 1262 1328 te
1280 1288 1374 1327 ire‘?

61 1344 121 1384 Et
136 1344 430 1393 renitebatur,
448 1344 705 1393 recusabat,
726 1349 771 1383 et
787 1355 876 1383 non
894 1356 945 1384 se
966 1344 1224 1384 excusabat.
1259 1344 1372 1383 Con-

62 1405 210 1440 sumta
234 1405 361 1439 crant
379 1405 423 1439 et
445 1400 650 1440 convicta
668 1404 934 1452 argumenta
953 1401 1121 1449 omnia,
1144 1411 1372 1439 remanse-

59 1462 131 1496 rat
161 1462 284 1496 muta
306 1455 572 1508 trepidatio,
612 1460 657 1494 et
679 1455 809 1507 quasi
832 1460 1024 1495 mortem
1047 1454 1374 1495 reformidabat

60 1512 276 1564 restringi
315 1525 340 1551 a
379 1510 502 1552 fluxu
526 1511 888 1561 consuetudinis,
923 1524 1010 1564 quo
1033 1510 1300 1551 tabescebat
1321 1511 1365 1549 in

59 1573 264 1607 mortem.

145 1623 191 1663 C.
210 1622 325 1663 VIII.
386 1625 500 1663 Tum
513 1623 558 1662 in
571 1623 651 1663 illa
665 1622 826 1675 grandi
839 1624 938 1662 rixa
954 1622 1188 1662 interioris
1209 1620 1369 1660 domus

60 1690 208 1728 meae,
230 1691 360 1731 quam
378 1678 562 1718 fortiter
581 1680 881 1718 excitaveram
902 1690 999 1716 cum
1020 1678 1168 1716 anima
1185 1688 1304 1726 mea,
1323 1676 1368 1715 in

61 1733 269 1773 cubiculo
296 1740 472 1783 nostro,
499 1734 634 1774 corde
660 1746 782 1783 meo,
808 1739 899 1772 tam
922 1733 1047 1771 vultu
1071 1745 1200 1785 quam
1218 1736 1368 1771 mente

58 1789 280 1838 turbatus,
294 1789 457 1828 invado
470 1790 693 1842 Alypium,
710 1794 755 1828 et
769 1789 991 1828 exclamo:
1013 1787 1131 1835 Quid
1149 1787 1369 1840 patimur‘}

60 1844 166 1896 quid
200 1849 268 1884 est
300 1842 411 1884 hoc?r
442 1845 549 1898 quid
571 1844 763 1884 audistissl
795 1843 1025 1896 Surgunt
1050 1843 1275 1892 indocti,
1318 1848 1370 1883 et

61 1899 265 1939 coelum
286 1901 519 1952 rapiunt3
553 1906 603 1940 et
623 1912 716 1939 nos
740 1912 852 1938 cum
876 1898 1143 1938 doctrinis
1166 1899 1366 1938 nostris

60 1955 177 1995 sine
217 1955 401 2004 corde,
436 1967 559 1995 ecce
588 1955 677 1995 ubi
722 1953 1017 1994 volutamur
1043 1954 1095 1992 in
1126 1965 1282 1994 carne
1316 1959 1368 1993 et

59 2010 347 2063 sanguine?
374 2011 440 2050 An
466 2011 570 2063 quia
591 2015 957 2064 praecesserunt,
981 2010 1122 2062 pudet
1145 2010 1294 2061 sequi,
1322 2014 1368 2048 et

57 2078 148 2106 non
173 2065 313 2119 pudet
333 2077 415 2106 nec
441 2067 602 2106 saltem
619 2065 771 2118 sequiss
799 2064 905 2105 Dixi
924 2066 1079 2105 nescio
1099 2075 1212 2118 quae
1235 2064 1365 2115 talia3

59 2127 105 2161 et
123 2121 318 2174 abripuit
333 2134 403 2161 me
424 2122 477 2161 ab
495 2122 575 2161 illo
596 2126 747 2161 aestus
765 2133 910 2170 meus,
931 2134 1029 2161 cum
1044 2123 1221 2159 taceret
1238 2119 1364 2159 adto-

56 2178 177 2216 nitus
191 2178 368 2217 intuens
387 2189 473 2218 me.
532 2176 688 2231 Neque
708 2178 825 2217 enim
846 2177 983 2216 solita
999 2175 1229 2225 sonabam,
1242 2175 1364 2228 plus-

58 2245 142 2285 que
167 2233 467 2286 loquebantur
483 2234 676 2275 animum
695 2245 841 2274 meum
859 2232 1007 2282 frons,
1033 2243 1198 2286 genae,
1226 2230 1362 2280 oculi,
