1514 2438
253 124 798 169 CONFESSIONUM
828 126 1034 169 LIBER
1064 129 1200 172 XIII.
1305 133 1385 172 271

58 218 194 262 etum,
213 212 394 252 infirma
409 212 584 262 mundi,
612 213 689 266 qui
707 212 945 254 dimisistis
968 217 1139 265 onmia,
1158 221 1208 256 ut
1226 228 1387 270 seque·

54 269 221 309 remini
236 268 502 318 Dominum,
527 269 589 308 ite
611 274 715 321 post
734 282 855 319 eum,
875 275 922 310 et
939 270 1205 312 confundite
1223 271 1386 324 fortia3

54 327 119 366 ite
142 330 251 378 post
274 337 376 365 eum
399 325 599 379 speciosi
618 326 780 378 pedes,
809 331 854 366 et
872 327 1007 367 lucete
1024 326 1383 382 infirmamenw,

58 388 110 421 ut
133 381 255 421 coeli
274 386 488 421 enarrent
505 381 700 434 gloriam
721 383 839 432 eius,
866 382 1100 423 dividentes
1119 383 1235 424 inter
1254 385 1390 425 lucem

58 436 392 490 perfectorum,
419 437 502 477 sed
526 438 726 478 nondum
750 439 869 478 sicut
893 440 1182 493 angelorum,
1208 446 1254 481 et
1272 448 1388 481 tene-

61 494 161 534 bras
179 494 493 547 parvulorum,
520 495 601 534 sed
620 507 711 534 non
731 495 1074 548 despectorum3
1106 497 1242 537 lucete
1261 510 1392 550 super

61 562 240 590 omnem
265 556 453 599 terram,
483 556 530 590 et
549 550 636 590 dies
655 552 741 590 sole
761 551 960 592 candens
981 557 1160 592 eructet
1179 553 1274 593 diei
1291 566 1390 593 ver-

58 606 166 646 bum
193 606 466 660 sapientiae:
502 612 547 646 et
572 618 660 646 nox
687 607 789 647 lema
813 607 971 648 lucens
997 608 1236 649 adnuntiet
1262 610 1390 650 nocti

59 662 249 702 verbum
273 664 510 703 scientiae.
570 661 702 702 Luna
727 670 770 703 et
790 665 937 704 stellae
960 664 1082 704 noeti
1105 666 1268 715 lucent,
1307 666 1390 706 sed

57 730 152 759 nox
175 731 266 758 non
286 718 503 759 obscurat
522 730 618 769 eas3
653 721 865 773 quoniam
884 722 1011 773 ipsae
1030 720 1280 761 illuminant
1297 735 1391 762 eam

57 786 140 828 pro
159 774 347 815 modulo
369 775 482 815 eius.
524 774 644 814 Ecce
665 776 799 825 enim,
818 781 1048 830 tamquam
1065 776 1165 817 Deo
1188 778 1390 818 dicente:

55 829 170 884 fiant
195 829 435 871 luminaria
451 829 794 885 infirmanzento
816 832 946 882 coeli,
973 832 1127 873 faetus
1147 840 1218 874 est
1236 834 1388 874 subito

62 886 118 927 de
153 887 285 928 coelo
311 899 472 937 sonus,
509 887 640 941 quasi
662 887 861 928 ferretur
882 888 1018 929 flatus
1038 888 1310 941 vehemens,
1345 902 1392 931 et

57 944 185 983 visae
215 948 320 983 sunt
344 942 530 996 linguae
550 944 723 984 divisae
746 946 876 998 quasi
892 946 1034 999 ignis,
1062 946 1139 1000 qui
1159 947 1391 987 etinsedit

60 1011 198 1052 super
231 1011 597 1053 unumquemque
622 1000 828 1050 illorum,
866 1000 1059 1056 etfaeta
1083 1008 1186 1042 sunt
1206 1002 1389 1043 lumina-

59 1055 130 1097 ria
156 1054 501 1110 infirmamento
524 1055 648 1105 coeli,
675 1056 859 1097 verbum
882 1059 1003 1097 vitae
1023 1056 1252 1100 habentia.
1274 1060 1390 1108 (Act.

57 1114 99 1161 2,
119 1113 229 1161 2.s.)
289 1111 466 1165 Ubique
487 1111 755 1162 discurrite,
774 1113 906 1167 ignes
925 1115 1091 1164 saneti,
1107 1115 1239 1168 ignes
1258 1115 1394 1156 deco-

57 1168 113 1208 ri.
172 1167 269 1209 Vos
295 1169 415 1208 enim
434 1169 544 1208 estis
563 1168 714 1209 lumen
733 1170 910 1220 mundi,
945 1183 1030 1212 nec
1057 1173 1167 1211 estis
1193 1171 1276 1212 sub
1299 1185 1395 1212 mo-

59 1225 153 1265 dio.
176 1223 361 1274 (Matth.
381 1224 421 1275 5,
444 1225 508 1265 14.
529 1227 585 1276 s.)
644 1225 884 1266 Exaltatus
905 1232 990 1277 est,
1010 1229 1082 1267 cui
1102 1226 1395 1278 adhaesistis,

62 1287 107 1321 et
125 1281 346 1321 exaltavit
363 1295 460 1322 vos.
520 1280 801 1332 Discum-ite,
824 1287 869 1322 et
885 1282 1163 1323 innotescite
1186 1284 1394 1324 omnibus

61 1338 290 1391 gentibus.

146 1393 194 1433 C.
218 1393 321 1433 XX.
385 1394 626 1447 Concipiat
659 1398 704 1434 et
732 1406 877 1444 mare,
913 1400 959 1435 et
979 1396 1130 1448 pariat
1154 1408 1295 1450 opera
1322 1410 1396 1437 ve-

61 1454 178 1499 stra,
207 1454 253 1489 et
269 1450 525 1502 producant
550 1463 691 1503 aquae
716 1450 893 1504 reptilia
913 1452 1163 1492 animarum
1182 1452 1393 1494 vivarum.

61 1504 198 1552 (Gen.
219 1507 257 1555 l,
284 1507 352 1546 20.
380 1508 463 1557 ss.)
525 1505 802 1560 Separantes
829 1508 947 1548 enim
969 1509 1226 1562 pretiosum
1249 1522 1276 1549 a
1297 1510 1393 1560 vili,

56 1561 171 1602 facti
190 1562 303 1602 estis
324 1574 374 1602 os
392 1561 591 1615 Dei,per
609 1563 731 1617 quod
751 1563 945 1604 diceret:
964 1565 1221 1617 producant
1236 1579 1394 1620 aquae,

58 1630 151 1658 non
170 1619 366 1658 animam
382 1620 545 1669 vivam,
566 1632 699 1673 quam
716 1625 843 1660 terra
860 1621 1091 1674 producit,
1113 1622 1195 1662 sed
1213 1622 1394 1676 reptilia

58 1673 308 1714 animm-mn
326 1674 544 1725 vivarum,
571 1682 613 1715 et
628 1675 826 1716 volatilia
844 1676 1040 1717 volantia
1059 1690 1188 1732 super
1208 1685 1389 1719 terram.

57 1730 317 1784 Repserunt
350 1732 470 1771 enim
504 1737 792 1772 sacramenta
823 1737 921 1783 tua,
950 1732 1098 1785 Deus,
1135 1747 1218 1789 per
1251 1747 1392 1789 opera

59 1792 322 1827 sanctorum
346 1792 530 1828 tuorum
554 1789 675 1828 inter
697 1789 877 1830 medios
903 1788 1067 1830 fluctus
1086 1791 1391 1832 tentationum

59 1843 253 1892 saeculi,
293 1844 348 1884 ad
372 1844 640 1885 imbuendas
668 1850 829 1898 gentes
864 1847 1046 1886 nomine
1072 1851 1150 1887 tuo
1174 1848 1222 1888 in
1246 1847 1391 1902 bapti-

58 1911 156 1939 smo
184 1903 282 1938 tuo.
340 1900 400 1939 Et
422 1902 543 1940 inter
566 1899 680 1941 haec
697 1900 821 1942 facta
838 1908 944 1942 sunt
959 1904 1191 1957 magnalia
1208 1904 1391 1943 mirabi-

56 1953 143 2005 lia,
165 1959 397 2008 tamquam
430 1955 516 1996 ceti
534 1958 747 2011 grandes,
782 1963 828 1998 et
851 1971 990 1999 voces
1009 1961 1271 2000 nuntiorum
1290 1965 1391 1999 tuo-

59 2022 159 2051 rum
180 2010 411 2051 volitantes
437 2025 568 2064 super
594 2019 759 2053 terram
782 2013 909 2055 iuxta
920 2014 1258 2070 firmamentmn
1284 2016 1391 2055 libri

59 2067 148 2116 tui,
170 2068 437 2121 praeposito
455 2068 538 2108 illo
558 2069 647 2109 sibi
665 2070 720 2110 ad
739 2072 1082 2121 auctoritatem,
1103 2072 1185 2112 sub
1205 2085 1293 2124 quo
1312 2085 1390 2112 vo-

59 2122 268 2173 litarent,
295 2136 581 2178 quocumque
598 2126 732 2167 irent.
792 2126 952 2181 Neque
973 2128 1092 2167 enim
1110 2133 1215 2167 sunt
1235 2129 1389 2182 loque-

61 2177 156 2225 lae,
189 2191 337 2233 neque
363 2192 619 2231 sermones,
655 2194 847 2234 quorum
869 2195 961 2223 non
985 2183 1227 2223 audiantur
1247 2196 1389 2225 voces

64 2246 242 2286 eorum,
264 2237 444 2290 quando
466 2236 513 2277 in
539 2250 718 2279 omnem
735 2244 906 2281 terram
924 2240 1038 2282 exiit
1055 2251 1194 2281 sonus
1214 2252 1387 2291 eorum,
