1473 2443
103 97 183 135 134
407 99 1112 145 AUR‘ELHAUGUSTINI

99 186 209 231 tate,
230 181 285 222 de
308 182 468 234 quibus
486 195 556 222 me
577 185 778 236 gavisum
802 199 902 227 esse
919 189 1116 229 memini.
1160 187 1272 231 Nam
1293 195 1337 230 et
1352 190 1405 230 dc

97 237 304 290 turpibus
347 238 514 291 gaudio
545 240 738 292 quodam
761 242 970 294 perfusus
996 258 1113 294 sum,
1149 245 1268 298 quod
1290 260 1405 286 nunc

95 293 342 333 recordans
362 293 565 333 detestor
583 300 716 348 atque
737 308 970 339 exsecror:
991 300 1232 353 aliquando
1253 301 1306 341 de
1326 302 1405 341 bo-

96 351 166 389 nis
187 353 232 388 et
253 348 478 398 honestis,
498 350 618 402 quod
637 352 900 394 desiderans
923 356 1095 405 recolo,
1115 358 1299 396 tametsi
1315 357 1405 397 for-

95 410 141 443 te
165 416 253 444 non
278 405 459 454 adsunt,
486 410 531 444 et
552 406 657 446 ideo
682 408 826 449 tristis
851 410 1063 462 gaudium
1082 412 1320 463 pristinum
1337 424 1405 451 re-

99 460 216 499 colo.
270 459 355 499 Ubi
376 472 486 513 ergo
506 466 551 500 et
568 463 744 514 quando
765 469 976 517 expertus
995 479 1092 505 sum
1109 468 1245 506 vitam
1262 480 1406 507 meam

97 515 296 565 beatam,
329 520 379 555 ut
396 516 613 557 recorder
635 530 754 569 eam,
792 526 838 560 et
858 533 1022 571 amem,
1057 527 1103 561 et
1125 523 1408 563 desideremss

96 569 194 611 Nec
217 583 303 624 ego
325 576 520 622 tantum,
544 577 622 612 aut
644 586 743 614 cum
766 576 944 628 paucis,
969 577 1051 616 sed
1076 577 1198 617 beati
1223 591 1406 630 prorsus

99 639 255 666 omnes
274 639 374 666 esse
396 627 612 669 volumus.
675 629 805 678 Quod
824 632 913 671 nisi
930 637 1055 672 certa
1072 633 1234 672 notitia
1253 645 1408 673 nosse-

96 695 210 731 muS,
230 695 318 721 non
336 688 427 722 tam
446 688 572 723 certa
588 684 820 726 voluntate
840 687 1072 728 vellemus.
1107 687 1196 729 Sed
1215 689 1321 741 quid
1340 694 1410 728 est

99 736 207 787 hoc,
233 738 354 791 quod
373 739 411 778 si
430 745 673 792 quaeratur
690 753 716 780 a
734 741 930 792 duobus,
954 748 1102 783 utrum
1119 744 1316 783 militare
1334 756 1407 783 ve-

97 793 200 842 lint,
226 794 324 833 fieri
351 795 515 848 possit,
540 800 589 835 ut
611 797 727 835 alter
749 809 905 837 eorum
922 799 1039 838 velle
1058 811 1126 849 se,
1152 799 1267 839 alter
1286 799 1407 839 nolle

98 849 392 901 respondeat3
426 850 465 889 si
493 856 642 891 autem
665 852 720 891 ab
745 854 810 893 eis
835 859 1096 906 quaeratur,
1121 860 1268 894 utrum
1284 855 1409 894 beati

100 915 202 943 esse
222 904 376 954 velint,
392 905 491 946 fieri
509 908 669 959 possit,
688 913 737 948 ut
755 914 943 962 uterque
965 911 1116 949 statim
1135 922 1183 949 se
1203 911 1298 950 sine
1316 911 1410 950 ulla

99 958 383 1000 dubitatione
409 961 532 1001 dicat
550 966 727 1015 optare3
759 976 842 1004 nec
860 964 916 1004 ob
935 964 1059 1004 aliud
1077 965 1186 1005 velit
1200 965 1277 1005 ille
1295 966 1409 1006 mili-

97 1019 217 1064 tare,
247 1027 330 1055 nec
355 1015 410 1055 ob
431 1016 553 1056 aliud
571 1019 659 1058 iste
678 1019 814 1068 nolit,
838 1020 927 1059 nisi
946 1025 993 1059 ut
1009 1020 1133 1060 beati
1150 1022 1265 1061 sintz
1294 1021 1410 1061 Num

96 1068 240 1120 forte,
265 1072 475 1123 quoniam
503 1072 618 1112 alius
644 1072 767 1123 hinc,
794 1075 908 1114 alius
933 1075 1037 1115 inde
1061 1076 1248 1129 gaudet,
1271 1079 1336 1117 ita
1359 1089 1406 1116 se

101 1137 255 1165 omnes
278 1127 438 1166 beatos
466 1139 567 1167 esse
595 1129 709 1168 velle
737 1135 1007 1181 consonant,
1035 1133 1409 1185 quemadmodum

102 1187 421 1231 consonarent,
448 1183 487 1222 si
506 1181 591 1222 hoc
609 1184 1021 1239 interrogarentur,
1041 1199 1088 1226 se
1107 1187 1224 1227 velle
1243 1188 1408 1240 gaude-

96 1248 166 1286 re3
183 1242 316 1289 atque
331 1238 477 1290 ipsum
491 1239 703 1291 gaudium
729 1240 865 1280 vitam
875 1241 1053 1281 beatam
1071 1243 1258 1282 vocanti
1277 1243 1410 1290 Quod

99 1296 143 1331 et
167 1292 205 1331 si
229 1292 344 1332 alius
368 1291 491 1341 hinc,
520 1294 635 1334 alius
650 1295 778 1335 illinc
796 1298 1080 1350 adsequitur,
1104 1311 1239 1337 unum
1259 1303 1329 1337 est
1344 1304 1408 1338 ta-

95 1359 219 1397 men,
253 1360 340 1401 quo
373 1350 612 1401 pervenire
645 1363 800 1391 omnes
835 1353 1059 1402 nituntur,
1091 1358 1141 1392 ut
1165 1353 1405 1406 gaudeant.

98 1402 223 1450 Quae
247 1405 458 1457 quoniam
482 1417 554 1444 res
581 1410 669 1454 est,
705 1419 836 1459 quam
862 1420 909 1447 se
936 1414 1169 1461 expertum
1193 1421 1282 1448 non
1306 1421 1407 1448 esse

97 1470 227 1498 nemo
252 1464 406 1512 potest
429 1460 604 1510 dicere,
649 1467 893 1515 propterea
915 1469 1097 1515 reperta
1119 1465 1165 1503 in
1188 1465 1407 1504 memoria

94 1516 462 1567 recognoscitur,
490 1516 667 1569 quando
693 1517 855 1558 beatae
884 1519 1004 1558 vitae
1027 1531 1189 1558 nomen
1209 1520 1403 1559 auditur.

179 1570 225 1609 C.
250 1571 392 1610 XXII.
450 1571 597 1621 Absit,
616 1572 831 1623 Domine,
852 1574 970 1613 absit
987 1587 1013 1613 a
1031 1575 1167 1613 corde
1187 1576 1305 1613 servi
1322 1575 1400 1622 tui,

92 1625 170 1676 qui
189 1626 431 1666 confitetur
447 1627 550 1676 tibi,
573 1627 709 1677 absit,
728 1634 790 1677 ut,
812 1641 1092 1682 quocumque
1111 1629 1277 1682 gaudio
1296 1642 1401 1682 gau-

94 1679 239 1729 deam,
263 1681 444 1721 beatum
463 1695 532 1722 me
550 1688 715 1735 putem.
775 1684 857 1723 Est
881 1685 997 1723 enim
1024 1685 1255 1736 gaudium,
1282 1685 1403 1737 quod

90 1747 181 1774 non
198 1736 507 1789 datm-impiis,
522 1738 602 1778 sed
616 1739 696 1788 eis,
712 1741 788 1791 qui
805 1744 849 1778 te
869 1740 1010 1791 gratis
1030 1739 1198 1788 colunt,
1212 1752 1401 1792 quorum

91 1791 306 1842 gaudium
329 1797 379 1832 tu
396 1794 493 1846 ipse
514 1805 576 1833 es.
636 1794 700 1833 Et
722 1795 839 1846 ipsa
862 1800 945 1834 est
966 1796 1126 1835 beata
1148 1795 1258 1834 vita
1283 1807 1401 1848 gau-

92 1846 216 1885 dere
242 1847 304 1886 ad
329 1853 402 1897 te,
430 1848 489 1887 de
514 1853 586 1897 te,
611 1855 830 1901 propter
852 1855 925 1889 te:
958 1850 1077 1903 ipsa
1103 1855 1204 1899 est,
1225 1855 1277 1889 et
1299 1863 1400 1889 non

92 1913 114 1939 e
128 1906 174 1940 st
197 1902 305 1941 alte
318 1915 385 1942 ra.
447 1903 534 1950 Qui
552 1910 701 1943 autem
719 1904 852 1943 aliam
870 1910 1030 1957 putant
1048 1918 1170 1954 esse,
1196 1905 1318 1945 aliud
1332 1917 1399 1944 se«

90 1962 268 1996 ctantur
286 1958 512 2010 gaudium,
532 1971 676 2012 neque
694 1960 839 2011 ipsum
857 1973 1026 2001 verum.
1084 1961 1147 2000 Ab
1168 1961 1318 2012 aliqua
1333 1965 1398 1999 ta-

90 2024 191 2051 men
210 2013 406 2065 imagine
426 2014 579 2067 gaudii
597 2014 806 2054 voluntas
827 2027 982 2055 eorum
1000 2029 1089 2056 non
1108 2017 1341 2055 avertitur.

174 2068 220 2107 C.
247 2068 411 2108 XXIII.
470 2068 571 2108 Non
611 2081 720 2122 ergo
755 2076 926 2111 certum
959 2078 1047 2119 est,
1088 2072 1207 2124 quod
1242 2082 1395 2110 omnes

89 2134 189 2162 esse
208 2123 331 2163 beati
347 2125 519 2173 volunt,
542 2127 750 2176 quoniam
770 2128 951 2179 quinon
970 2127 1024 2166 de
1043 2133 1086 2166 te
1106 2126 1303 2180 gaudere
1320 2137 1394 2165 vo-

85 2178 203 2227 lunt,
230 2191 344 2233 quae
371 2179 471 2221 sola
486 2180 579 2219 vita
594 2180 728 2221 beata
746 2186 835 2231 est,
858 2195 946 2222 non
965 2183 1120 2235 utique
1139 2182 1275 2221 vitam
1292 2181 1393 2223 bea-
