1514 2438
287 111 840 159 CONFESSIONUM
867 115 1075 160 LIBER
1103 117 1187 160 IV.
1355 119 1406 160 49

75 197 424 240 convalesceret
444 200 593 253 prius,
630 209 844 256 essetque
869 202 1066 244 idoneus
1089 204 1263 244 viribus
1288 205 1408 244 vale-

73 254 269 306 tudinis,
293 268 392 298 cum
420 268 509 309 quo
536 269 675 311 agere
700 270 907 311 possem,
933 260 1057 313 quod
1073 260 1253 301 vellem.
1317 260 1409 301 Sed

72 311 153 350 ille
180 310 393 365 abreptus
413 312 672 354 dementiae
691 326 821 355 meae
834 345 845 365 ‚
879 323 930 356 ut
948 316 1066 370 apud
1079 322 1125 357 te
1145 322 1409 357 servaretur

75 367 385 409 consolationi
409 381 559 419 meae,
584 376 693 422 post
715 383 888 423 paucos
915 371 1014 412 dies
1038 385 1110 413 me
1130 372 1320 413 absente
1338 385 1407 412 re-

74 424 246 476 petitur
276 422 482 464 febribus
518 432 565 465 et
588 425 870 481 defungitur.
933 427 1033 476 Quo
1061 428 1224 469 dolore
1252 436 1407 469 conte-

75 479 314 519 nebratum
348 484 419 520 est
452 493 531 521 cor
555 494 726 533 meum3
761 490 807 523 et
831 483 1052 536 quidquid
1079 485 1407 538 adspiciebam,

73 548 196 575 mors
227 541 340 576 erat.
399 536 458 577 Et
477 544 576 577 erat
591 537 703 578 mihi
721 541 870 593 patria
888 541 1175 592 supplicium,
1198 548 1243 581 et
1260 547 1409 594 pater-

77 604 132 630 na
151 591 311 632 domus
330 593 441 633 mira
461 593 732 646 infelicita83
764 601 809 635 et
827 595 1049 648 quidquid
1068 610 1168 636 cum
1186 597 1267 637 illo
1289 610 1409 636 com-

74 648 424 698 municaveram,
445 650 543 692 sine
561 650 644 690 illo
664 651 711 690 in
730 652 982 691 cruciatum
1001 652 1245 692 immanem
1263 659 1409 693 verte-

73 708 158 743 rat.
217 704 508 757 Expetebant
531 718 633 746 eum
651 707 852 760 undique
874 708 999 747 oculi
1015 709 1127 758 mei,
1157 715 1203 749 et
1222 721 1313 748 non
1334 709 1408 749 da-

72 759 207 799 batur
239 759 370 812 mihi3
411 771 457 801 et
491 762 677 802 oderam
709 764 883 812 omnia,
921 765 1027 817 quia
1060 777 1152 804 non
1186 763 1411 805 haberent

76 827 201 866 eum3
241 828 326 856 nec
361 816 474 856 mihi
506 818 597 857 iam
631 819 785 860 dicere
818 825 1055 873 poterant:
1096 833 1203 861 ecce
1238 822 1409 871 veniet,

74 871 193 912 sicut
212 885 314 912 cum
331 873 520 924 viveret,
541 875 721 928 quando
744 876 908 916 absens
930 882 1043 917 erat.
1094 877 1265 918 Factus
1286 890 1410 917 eram

73 927 172 979 ipse
197 927 310 968 mihi
333 942 500 983 magna
525 934 759 983 quaestio,
787 938 832 973 et
849 933 1195 987 interrogabam
1214 934 1408 973 animam

74 995 246 1034 meam,
273 997 411 1038 quare
437 987 582 1026 tristis
610 993 754 1038 esset,
786 994 832 1029 et
856 1001 996 1042 quare
1022 990 1321 1030 conturbaret
1337 1002 1408 1029 me

73 1039 228 1091 valde3
263 1046 309 1080 et
325 1040 440 1081 nihil
458 1051 651 1083 noverat
666 1045 949 1097 respondere
967 1044 1093 1085 mihi.
1152 1046 1213 1086 Et
1229 1047 1269 1086 si
1288 1047 1409 1086 dice-

70 1094 197 1135 bam:
231 1109 364 1149 spera
387 1098 434 1138 in
451 1097 621 1150 Deum,
643 1099 763 1141 iuste
787 1115 880 1142 non
900 1102 1268 1156 obtemperabat3
1302 1104 1410 1156 quia

74 1152 228 1191 verior
254 1158 353 1193 erat
379 1159 426 1194 et
450 1155 618 1195 melior
643 1155 802 1208 homo,
831 1170 964 1211 quem
991 1158 1281 1199 carissimum
1300 1160 1408 1199 ami-

74 1213 218 1258 serat,
251 1222 384 1262 quam
407 1209 697 1263 phantasma,
723 1213 770 1253 in
795 1214 918 1267 quod
942 1227 1129 1267 sperare
1146 1215 1407 1256 iubebatur.

76 1262 212 1304 Solus
240 1265 375 1306 fletus
403 1273 501 1308 erat
526 1268 672 1309 dulcis
697 1268 832 1321 mihi,
867 1276 913 1311 et
938 1279 1231 1312 successerat
1258 1272 1407 1312 amico

70 1332 171 1360 meo
199 1321 246 1361 in
268 1322 448 1363 deliciis
475 1325 612 1363 animi
638 1326 744 1367 mei.

155 1376 203 1415 C.
229 1377 284 1418 V.
344 1379 402 1418 Et
420 1393 559 1429 nunc,
585 1380 783 1422 Domine
798 1414 808 1432 ,
828 1384 919 1423 iam
937 1383 1020 1423 illa
1035 1385 1340 1433 transierunt,
1362 1392 1409 1424 et

69 1436 276 1483 tempore
292 1433 482 1474 lenitum
498 1441 569 1475 est
586 1437 747 1477 vulnus
769 1452 935 1478 meum.
969 1439 1225 1480 Possumne
1246 1440 1406 1480 audire

71 1487 150 1527 abs
170 1493 214 1527 te
227 1519 238 1538 ,
266 1490 342 1542 qui
359 1491 528 1530 veritas
551 1504 620 1541 es,
641 1498 687 1532 et
705 1494 949 1535 admovere
968 1507 1123 1535 aurem
1142 1496 1296 1536 cordis
1315 1498 1408 1537 mei

73 1543 140 1582 ori
165 1548 269 1595 tuo,
294 1550 346 1585 ut
371 1545 496 1586 dicas
524 1547 655 1598 mihi,
683 1562 762 1589 cur
786 1549 921 1591 fletus
948 1551 1095 1591 dulcis
1115 1553 1176 1592 sit
1193 1553 1405 1593 miseris}

69 1599 136 1638 An
153 1604 224 1649 tu,
253 1602 458 1654 quamvis
477 1603 644 1657 ubique
663 1606 787 1646 adsis
800 1637 810 1656 ‚
826 1607 965 1661 longe
984 1607 1198 1648 abiecisti
1215 1621 1242 1649 a
1258 1614 1304 1649 te
1322 1610 1402 1649 mi-

69 1655 237 1695 seriam
261 1658 493 1698 nostram?
524 1659 582 1699 Et
597 1666 647 1701 tu
664 1662 709 1701 in
727 1668 772 1702 te
789 1675 960 1713 manes,
981 1676 1066 1704 nos
1092 1669 1244 1705 autem
1260 1666 1307 1705 in
1328 1678 1403 1706 ex-

66 1712 335 1763 perimentis
359 1715 599 1756 volvimur.
660 1718 718 1758 Et
743 1725 915 1769 tamen,
942 1720 1032 1760 nisi
1056 1721 1114 1760 ad
1138 1734 1273 1762 aures
1297 1728 1401 1762 tuas

66 1766 367 1820 ploraremus,
387 1769 499 1811 nihil
519 1773 691 1813 residui
713 1774 767 1814 de
787 1788 866 1827 spe
887 1782 1046 1816 nostra
1063 1778 1209 1819 fieret.
1270 1778 1400 1818 Unde

67 1823 210 1876 igitur
239 1828 392 1867 suavis
426 1827 602 1869 fructus
629 1830 683 1870 de
710 1833 1012 1872 amaritudine
1036 1833 1158 1873 vitae
1183 1835 1399 1888 carpitur,

67 1891 250 1932 gemere
271 1888 317 1923 et
335 1882 447 1924 flere
468 1890 514 1925 et
536 1887 768 1940 suspirare
789 1894 835 1928 et
859 1890 1106 1942 conqueri?-
1134 1891 1202 1930 An
1226 1889 1314 1931 hoc
1336 1891 1401 1930 ibi

66 1934 197 1978 dulce
218 1944 308 1990 est,
329 1941 451 1992 quod
470 1954 702 1994 speramus
723 1945 941 1984 exaudire
959 1944 1034 1985 tes}
1053 1946 1195 1987 Recte
1213 1946 1337 1987 istud
1354 1947 1401 1986 in

63 1995 292 2045 precibus,
313 1996 418 2048 quia
436 1997 713 2039 desiderium
731 2001 1029 2053 perveniendi
1047 2000 1230 2043 habent.
1262 2002 1397 2043 Num-

67 2050 175 2099 quid
198 2052 245 2090 in
265 2051 427 2092 dolore
447 2055 644 2095 amissae
662 2057 732 2095 rei
752 2062 798 2096 et
813 2057 959 2106 luctu,
985 2070 1073 2110 quo
1093 2064 1202 2098 tunc
1221 2059 1398 2111 operie-

63 2102 172 2145 barfil
188 2106 348 2161 Neque
369 2109 489 2148 enim
508 2111 746 2163 sperabam
765 2113 1043 2153 reviviscere
1062 2114 1291 2163 illum‚aut
1309 2112 1398 2154 hoc

63 2162 274 2210 petebam
291 2164 509 2214 lacrimis,
522 2167 603 2206 sed
622 2172 797 2208 tantum
817 2168 1028 2208 dolebam
1049 2176 1095 2209 et
1112 2169 1290 2210 flebam.
1309 2169 1396 2208 Mi-

62 2227 136 2256 ser
151 2219 269 2259 enim
287 2232 424 2270 eram,
437 2226 482 2261 et
501 2223 740 2264 amiseram
751 2225 967 2280 gaudium
977 2238 1140 2269 meum.
1172 2227 1238 2267 An
1258 2230 1303 2266 et
1317 2224 1396 2266 fle-

118 2280 611 2321 Aucusr.ct›nrr:ss.
1004 2281 1045 2320 D
