1473 2443
95 91 147 130 90
413 90 689 131 AURELII
720 90 1094 133 AUGUSTINI

97 175 383 216 altitudinem
403 176 600 214 scientes
619 180 830 229 tangere,
860 182 904 216 et
922 178 1160 230 superficie
1182 176 1327 226 decipi
1347 176 1410 217 fa-

96 232 227 280 ciles,
261 231 341 270 sed
371 237 522 270 tamen
546 230 837 271 adumbratae
863 233 1190 287 simulataeque
1206 232 1401 273 virtutis.

181 288 226 326 C.
251 285 370 326 Vlll.
430 285 531 326 Non
556 298 664 326 sane
690 288 950 340 relinquens
974 289 1247 328 incantatam
1273 290 1357 329 sibi
1385 301 1410 328 a

95 342 358 396 parentibus
381 346 606 381 terrenam
630 343 768 393 viam,
793 344 977 383 Romam
1002 351 1338 397 praecesserat,
1364 351 1412 385 ut

92 401 163 438 ius
184 398 401 448 disceret,
429 403 474 437 et
491 397 551 437 ibi
573 397 834 451 gladiatorii
855 401 1105 453 spectaculi
1125 399 1250 440 hiatu
1265 401 1410 440 incre-

94 454 221 494 dibili
243 460 289 494 ct
304 454 637 493 incredibiliter
655 454 868 508 abreptus
889 461 971 495 est.
1022 457 1129 496 Cum
1151 457 1267 496 enim
1287 468 1411 496 aver-

92 514 272 549 saretur
305 515 350 550 et
383 509 689 550 detestaretur
721 511 849 560 talia,
885 511 1063 564 quidam
1090 513 1186 551 eius
1208 512 1340 551 amici
1365 518 1412 552 et

93 565 415 618 condiscipuli,
442 578 541 605 cum
565 563 685 605 for-te
711 566 765 606 de
790 567 979 620 prandio
999 567 1293 607 redeuntibus
1310 580 1409 620 per-

91 622 190 661 vius
225 626 366 671 esset,
401 626 686 661 recusantem
718 621 1012 662 vehementer
1045 630 1090 663 et
1117 624 1407 664 resistentem

89 676 306 717 familiari
338 677 559 717 violentia
588 677 813 719 duxerunt
836 679 880 717 in
906 677 1286 732 amphitheatrum
1311 692 1406 718 cru-

89 733 258 774 delium
289 737 334 773 et
358 732 644 773 funestorum
666 734 875 785 ludorum
905 735 1085 785 diebus,
1120 734 1232 775 haec
1257 735 1404 775 dicen-

87 799 199 829 tem:
233 788 315 839 „Si
333 802 497 842 corpus
516 801 663 828 meum
682 791 727 829 in
745 790 872 829 illum
892 790 1040 830 locum
1059 790 1260 840 trahitis,
1282 796 1327 830 et
1342 791 1403 830 ibi

91 846 389 894 constituitis,
415 845 630 898 numquid
662 851 705 885 et
731 846 925 885 animum
954 852 999 886 ct
1025 847 1182 887 oculos
1206 859 1333 886 meos
1359 848 1404 885 in

86 901 167 941 illa
190 900 453 954 spectacula
474 902 669 953 potestis
695 902 956 942 intendere?
988 903 1136 942 Adero
1158 903 1311 955 itaque
1332 903 1405 941 ab·

87 969 208 1007 sens,
229 970 280 996 ac
301 957 366 996 sic
385 962 430 996 et
447 970 529 996 vos
549 961 595 996 et
611 957 691 997 illa
708 958 981 1010 superab0.“
1030 959 1202 1006 Quibus
1222 958 1404 1008 auditis,

84 1013 152 1053 illi
188 1012 332 1052 nihilo
364 1013 513 1052 secius
539 1024 639 1052 eum
669 1013 956 1054 adduxerunt
981 1027 1155 1064 secum,
1189 1014 1236 1053 id
1259 1014 1404 1066 ipsum

83 1067 206 1108 forte
222 1069 461 1121 explorare
478 1068 887 1121 cupientes‚utrum
902 1075 1061 1123 posset
1075 1071 1268 1110 efficere.
1305 1070 1404 1118 Quo

83 1124 158 1163 ubi
194 1131 374 1164 ventum
404 1129 492 1173 est,
532 1128 577 1163 et
600 1124 785 1165 sedibus
810 1125 971 1177 quibus
995 1130 1243 1178 potuerunt
1265 1126 1407 1166 locati

84 1186 209 1229 sunt,
250 1179 488 1220 fervebant
522 1181 673 1219 omnia
704 1181 1043 1221 immanissimis
1075 1181 1402 1234 voluptatibus.

82 1236 165 1276 llle
192 1236 359 1275 clausis
386 1235 563 1275 foribus
582 1235 817 1276 oculorum
835 1237 1073 1277 interdixit
1090 1237 1259 1287 animo,
1284 1250 1339 1277 ne
1358 1238 1403 1276 in

80 1297 209 1332 tanta
226 1291 344 1331 mala
359 1291 647 1345 procederet,
667 1296 800 1345 atque
821 1293 990 1332 utinam
1009 1298 1055 1333 et
1072 1305 1204 1333 aures
1225 1293 1405 1333 obtura-

78 1349 236 1388 visset.
260 1347 374 1388 Nam
394 1346 588 1401 quodam
606 1359 784 1401 pugnae
803 1361 1036 1398 casu‚cum
1056 1348 1227 1388 clamor
1243 1349 1404 1401 ingens

78 1404 220 1444 totius
242 1404 399 1458 populi
420 1400 713 1443 vehementer
738 1416 838 1443 eum
862 1404 1110 1457 pulsasset,
1138 1404 1403 1445 curiositate

80 1461 245 1510 victus,
271 1466 317 1499 et
341 1459 470 1512 quasi
493 1464 700 1512 paratus,
727 1460 944 1514 quidquid
961 1460 1075 1500 illud
1094 1466 1235 1510 esset,
1267 1461 1403 1500 etiam

78 1516 223 1555 risum
257 1521 547 1556 contemnere
582 1520 627 1555 et
665 1517 867 1565 vincere,
911 1516 1090 1570 aperuit
1127 1516 1309 1566 oculos,
1358 1521 1403 1555 et

76 1584 321 1623 percussus
357 1576 427 1611 est
450 1571 661 1624 graviore
687 1572 873 1611 vulnere
897 1572 941 1611 in
966 1573 1133 1621 anima,
1165 1584 1296 1624 quam
1321 1571 1398 1610 ille

78 1628 124 1666 in
150 1639 364 1679 corpore,
391 1639 523 1680 quem
553 1639 739 1666 cernere
768 1627 1028 1679 concupivit
1046 1628 1299 1679 ceciditque
1319 1627 1397 1666 mi-

78 1683 321 1722 serabilius
349 1695 481 1735 quam
506 1682 609 1732 ille,
635 1695 722 1734 quo
743 1682 933 1722 cadente
952 1682 1100 1722 factus
1121 1688 1191 1722 est
1211 1683 1395 1732 clamor,

78 1738 151 1790 qui
178 1750 258 1790 per
284 1738 380 1777 eius
401 1749 532 1778 aures
551 1738 757 1787 intravit,
788 1742 833 1777 et
851 1738 1077 1777 reseravit
1094 1739 1190 1777 eius
1209 1738 1393 1787 lumina,

77 1802 125 1832 ut
144 1799 268 1832 esset
292 1806 379 1846 qua
396 1792 612 1833 feriretur
631 1797 676 1832 et
695 1792 970 1833 deiiceretur
988 1793 1136 1833 audax
1154 1792 1299 1833 adhuc
1317 1806 1394 1846 po-

75 1849 188 1897 tius,
213 1861 344 1901 quam
370 1847 504 1888 fortis
529 1848 722 1898 animus,
751 1854 796 1888 et
819 1860 872 1888 eo
897 1849 1139 1899 infirmior,
1161 1862 1247 1902 quo
1269 1849 1323 1888 de
1343 1861 1391 1888 se

75 1908 430 1957 praesumserat,
456 1904 531 1956 qui
555 1903 712 1943 debuit
731 1904 784 1943 de
803 1909 862 1944 te.
923 1905 981 1944 Ut
998 1905 1115 1944 enim
1134 1904 1249 1944 vidit
1263 1904 1389 1943 illum

71 1960 354 2012 sanguinem,
369 1959 693 1999 immanitatem
708 1960 841 1999 simul
854 1959 1014 1999 ebibit,
1030 1966 1074 2000 et
1091 1973 1180 2000 non
1197 1972 1245 2000 se
1266 1971 1391 1998 aver-

73 2017 142 2065 tit,
156 2015 235 2055 sed
255 2016 354 2055 fixit
372 2016 649 2068 adspectum,
663 2013 957 2055 ethauriebat
974 2015 1131 2065 furias,
1152 2020 1197 2055 et
1214 2015 1386 2054 nescie-

73 2073 169 2120 bat,
204 2076 248 2111 et
272 2071 587 2111 delectabatur
610 2070 785 2110 scelere
814 2071 1094 2120 certaminis,
1130 2075 1175 2110 et
1198 2076 1385 2110 cruenta

67 2128 304 2180 voluptate
328 2126 653 2166 inebriabatur.
712 2126 771 2165 Et
788 2139 877 2165 non
897 2131 995 2166 erat
1013 2127 1100 2165 iam
1119 2126 1197 2166 ille
1218 2126 1292 2179 qui
1312 2137 1384 2164 re-

69 2190 220 2233 ncrat,
241 2183 321 2223 sed
340 2196 453 2223 unus
474 2182 528 2223 de
547 2181 703 2232 turba,
729 2182 784 2222 ad
801 2195 931 2235 quam
953 2187 1157 2231 venerat,
1185 2187 1230 2221 et
1249 2194 1381 2221 verus
