1514 2438
246 107 791 151 CONFESSIONUM
820 108 1027 151 LIBER
1058 110 1164 151 XII.
1286 111 1366 151 253

39 208 126 251 que
145 199 350 247 naturas,
375 194 491 235 alius
510 207 645 235 unam
661 193 904 236 formatam
922 194 1216 250 eamdemque
1237 198 1368 251 spiri·

37 253 179 293 talem
202 252 324 293 coeli
347 253 553 301 nomine,
580 252 716 292 aliam
740 251 985 292 informem
1003 252 1256 307 corporalis
1275 265 1366 293 ma-

37 310 184 349 teriae
207 314 357 349 terrae
380 309 578 348 nomine.
640 308 731 357 Qui
754 312 907 349 autem
927 308 1196 363 intelligunt
1218 309 1265 349 in
1288 321 1369 350 no-

45 365 244 406 minibus
278 365 398 405 coeli
430 368 476 404 et
505 369 659 405 terrae
683 363 830 405 adhuc
851 363 1095 405 informem
1116 365 1369 415 materiam,

48 421 103 461 de
129 434 217 475 qua
233 419 510 461 formaretur
528 420 708 461 coelum
726 426 771 461 et
788 425 932 472 terra,
957 433 1042 462 nec
1058 421 1148 475 ipsi
1165 424 1255 462 uno
1274 433 1370 461 mo-

45 477 104 518 do
122 477 170 518 id
186 477 470 531 intelligunt:
504 476 587 517 sed
605 477 738 527 alius,
757 477 877 518 unde
896 483 1289 518 consummaretur
1305 478 1371 517 in-

41 533 301 587 telligibilis
321 532 644 587 sensibilisque
665 538 893 585 creatura3
912 534 1028 574 alius
1041 538 1232 584 tantum,
1250 533 1371 575 unde

43 589 275 630 sensibilis
293 589 440 630 moles
457 591 549 630 ista
567 601 810 644 corporea,
830 591 932 630 sinu
950 590 1112 644 grandi
1131 591 1371 630 continens

42 647 308 700 perspicuas
326 650 649 700 promptasque
668 651 870 687 naturas.
906 645 1004 688 Nec
1019 646 1091 687 illi
1106 659 1197 687 uno
1216 646 1371 696 modo,

47 703 124 756 qui
153 704 245 742 iam
270 702 518 756 dispositas
543 702 839 756 digestasque
864 708 1097 743 creaturas
1123 702 1302 743 coelum
1327 707 1374 742 et

42 767 213 799 terram
244 759 402 798 vocari
435 756 522 799 hoc
547 758 651 799 loco
677 759 887 800 credunt:
921 759 1003 800 sed
1027 759 1143 799 alius
1167 759 1372 799 invisibi-

41 814 134 855 lem
166 819 303 868 atque
337 814 587 865 visibilem,
620 815 736 855 alius
761 815 907 855 solam
930 815 1178 865 visibilem,
1211 817 1259 856 in
1283 827 1372 869 qua

40 870 318 911 luminosum
340 870 521 910 coelum
544 871 839 925 suspicimus,
861 877 1032 912 terram
1054 871 1370 926 caliginosam,

43 938 250 981 quaeque
268 928 315 966 in
334 928 399 967 eis
420 932 537 967 sunt.

129 984 176 1023 C.
197 982 363 1023 XXIX.
423 983 478 1023 At
495 983 591 1033 ille,
612 983 688 1036 qui
706 995 797 1025 non
817 984 953 1024 aliter
971 984 1156 1039 accipit:
1188 982 1370 1037 inprin-

42 1038 156 1093 cipio
162 1038 297 1093 fecit,
318 1052 450 1093 quam
469 1041 508 1080 si
526 1040 775 1080 diceretur:
799 1040 944 1095 primo
964 1040 1091 1091 fecit,
1109 1052 1201 1080 non
1218 1038 1372 1089 habet,

44 1108 134 1149 quo
155 1095 292 1136 modo
312 1097 539 1136 veraciter
556 1096 787 1151 intelligat
806 1096 985 1138 coelum
1006 1102 1052 1137 et
1067 1102 1258 1147 terram,
1282 1097 1373 1137 nisi

43 1153 282 1192 materiam
307 1152 427 1193 coeli
451 1157 497 1192 et
513 1158 664 1193 terrae
682 1152 934 1207 intelligat,
957 1153 1176 1194 videlicet
1193 1153 1371 1193 univer-

44 1220 139 1257 sae,
157 1207 205 1247 id
224 1212 307 1258 est,
325 1208 635 1262 intelligibilis
656 1210 1003 1264 corporalisque
1023 1214 1275 1250 creaturae.
1324 1207 1375 1249 Si

46 1266 166 1304 enim
202 1265 293 1304 iam
325 1263 570 1305 formatam
602 1266 716 1305 velit
746 1266 1026 1315 universam,
1064 1270 1191 1305 recte
1225 1265 1281 1304 ab
1315 1276 1371 1304 60

46 1321 206 1374 quaeri
222 1322 414 1373 poterit:
447 1323 488 1361 si
506 1320 593 1362 hoc
611 1322 757 1375 primo
777 1320 890 1362 fecit
906 1321 1054 1371 Deus,
1080 1320 1189 1374 quid
1205 1319 1373 1360 fecerit

46 1377 282 1429 deinceps3
317 1382 362 1416 et
380 1381 485 1429 post
501 1377 847 1417 universitatem
866 1390 957 1417 non
974 1378 1197 1426 inveniet,
1221 1389 1274 1416 ac
1291 1388 1374 1430 per

45 1431 135 1472 1100
160 1431 319 1472 audiet
334 1432 523 1473 invitus:
558 1445 647 1486 quo
666 1432 804 1473 modo
824 1432 939 1473 illud
955 1435 1102 1486 primo
1116 1464 1127 1483 ,
1153 1433 1193 1473 si
1210 1438 1374 1486 postea

43 1486 187 1529 nihil&
219 1488 328 1528 Cum
347 1500 455 1528 vero
477 1489 606 1529 dicit:
639 1489 785 1543 primo
803 1488 1069 1539 informem,
1096 1489 1261 1529 deinde
1280 1487 1372 1528 for-

43 1549 328 1594 matam,non
347 1549 417 1584 est
435 1545 675 1595 absurdus,
689 1545 730 1585 si
745 1545 882 1586 modo
903 1550 973 1586 est
989 1545 1184 1586 idoneus
1203 1545 1373 1585 discer-

42 1612 174 1650 nere,
194 1600 304 1654 quid
320 1601 568 1654 praecedat
585 1603 876 1652 aeternitate,
896 1602 1006 1656 quid
1021 1607 1244 1655 tempore,
1264 1600 1374 1654 quid

44 1657 297 1708 electione,
346 1657 455 1710 quid
496 1658 695 1712 origine:
742 1659 1038 1709 aeternitate,
1087 1659 1207 1698 sicut
1244 1656 1371 1697 Deus

44 1714 214 1764 omnia3
245 1717 474 1766 tempore,
508 1716 628 1754 sicut
651 1713 737 1754 flos
760 1713 978 1766 fructum3
1011 1714 1262 1764 electione,
1287 1714 1371 1754 sic-

41 1774 93 1808 ut
114 1768 291 1809 fructus
315 1767 495 1821 florem3
530 1771 730 1824 origine,
757 1772 877 1812 sicut
902 1783 1041 1812 sonus
1067 1775 1261 1812 cantum.
1321 1770 1373 1810 In

42 1823 115 1864 his
142 1829 339 1878 quatuor
363 1826 556 1879 primum
576 1833 621 1867 61
644 1827 851 1868 ultimum
869 1840 984 1881 quae
1004 1828 1371 1875 commemoravi,

43 1880 308 1921 difficillime
326 1882 661 1937 intelliguntur,
683 1883 772 1924 duo
791 1884 943 1924 media
958 1883 1192 1924 facillime.
1238 1882 1371 1923 Nam-

43 1949 129 1991 que
154 1949 260 1976 rara
275 1937 393 1978 visio
415 1944 484 1978 est
500 1939 634 1980 nimis
654 1940 816 1990 ardua,
844 1942 1133 1995 conspicere,
1156 1940 1369 1988 Domine,

42 1993 367 2033 aeternitatem
397 1998 543 2046 tuam,
577 1996 1016 2038 incommutabiliter
1044 1996 1284 2037 mutabilia
1305 1993 1370 2034 fa-

44 2049 262 2100 cientem,
287 2062 341 2089 ac
364 2062 445 2104 per
470 2049 557 2092 hoc
577 2054 794 2105 priorem.
858 2053 971 2102 Quis
996 2053 1161 2094 deinde
1181 2053 1248 2091 sic
1265 2063 1370 2091 acu·

41 2109 139 2144 tum
163 2110 319 2146 cernat
347 2108 519 2157 animo,
544 2113 595 2148 ut
617 2109 714 2150 sine
732 2110 893 2151 labore
911 2122 1075 2164 magno
1096 2108 1369 2162 dignoscere

42 2161 213 2212 valeat,
239 2174 328 2215 quo
352 2163 488 2203 modo
508 2164 569 2204 sit
586 2165 711 2218 prior
729 2179 869 2207 sonus
892 2179 1025 2219 quam
1044 2174 1222 2213 cantus,
1246 2162 1369 2212 ideo,

44 2217 151 2270 quia
165 2223 323 2260 cantus
341 2223 410 2260 est
422 2217 646 2262 formatus
665 2235 820 2274 sonus,
838 2228 886 2263 et
903 2235 1005 2263 esse
1025 2221 1179 2273 utique
1200 2218 1369 2271 aliquid
