1514 2438
318 115 850 158 CONFESSIONUM
880 114 1088 156 LIBER
1117 115 1150 155 l.
1346 116 1393 155 ΕΞ

70 204 237 245 misero
267 215 357 242 non
388 202 636 241 miserante
671 213 719 241 56
751 202 919 254 ipsum,
953 205 999 241 et
1029 199 1166 241 flente
1198 198 1394 239 Didonis

70 266 285 308 mortem,
311 270 425 311 quae
444 258 583 297 fiebat
600 257 792 297 amando
810 260 1028 307 Aeneam,
1052 269 1143 296 non
1161 254 1300 296 flente
1320 268 1395 295 au-

69 324 160 356 tem
184 321 376 354 mortem
396 326 543 363 suam,
570 325 684 366 quae
702 312 841 353 fiebat
856 326 945 355 non
967 312 1156 352 amando
1174 318 1219 352 te
1233 311 1395 362 ,Deus‚

70 373 225 412 lumen
250 370 401 410 cordis
428 371 539 419 mei,
567 375 613 409 et
634 369 763 422 panis
790 370 881 408 oris
905 371 1026 409 intus
1051 369 1227 407 animae
1251 379 1396 415 meae,

74 435 119 467 et
142 428 284 466 virtus
309 427 527 466 maritans
546 430 742 466 mentem
761 437 907 464 meam
927 431 972 465 et
989 425 1137 464 sinum
1155 424 1398 478 cogitatio-

73 484 143 522 nis
170 481 328 522 meaett
357 481 460 522 Non
483 488 528 521 te
555 481 781 530 amabam,
808 486 854 520 et
876 479 1139 520 fornicabar
1161 479 1241 520 abs
1258 485 1325 529 te,
1353 484 1400 518 et

73 538 321 578 fornicanti
354 537 547 577 sonabat
578 537 792 590 undique:
833 548 971 589 euge,
1000 548 1130 589 euge.
1191 533 1401 575 Amicitia

77 593 189 634 enim
215 593 364 633 mundi
387 592 513 632 huius
527 591 781 647 fornicatio
806 598 870 632 est
893 592 968 631 abs
988 597 1027 630 te
1048 590 1158 640 (Jac.
1179 592 1220 641 4,
1239 592 1320 641 4.);
1355 598 1402 630 et

78 662 215 703 euge,
236 662 351 702 euge
371 649 559 699 dicitur,
578 655 628 689 ut
643 648 825 700 pudeat,
844 649 883 687 si
900 659 990 686 non
1010 647 1075 686 ita
1093 646 1227 687 homo
1248 647 1320 686 sit.
1341 648 1401 686 Et

76 705 191 745 haec
223 718 316 745 non
348 704 533 754 flebam,
567 704 649 745 sed
672 703 836 744 flebam
858 702 1087 742 Didonem
1114 703 1398 752 exstinctam,

76 760 293 813 ferroque
337 767 541 801 extrema
573 766 795 808 secutam,
838 770 1033 812 sequens
1065 759 1164 812 ipse
1201 765 1403 798 extrema

80 817 264 857 condita
286 825 387 866 tua,
413 817 577 856 relicto
605 821 671 865 te,
700 822 745 855 et
760 820 885 855 terra
900 815 1000 855 iens
1017 814 1064 853 in
1080 821 1268 865 terram3
1303 821 1349 853 et
1365 815 1402 853 si

78 871 349 926 prohiberer
381 885 435 912 ea
465 872 645 926 legere,
697 870 922 921 dolerem,
957 870 1064 923 quia
1086 883 1177 910 non
1200 870 1401 924 legerem

81 929 203 982 quod
236 929 452 968 dolerem.
513 928 638 968 Talis
673 927 902 967 dementia
927 924 1216 966 honestiores
1237 932 1283 965 et
1298 926 1402 965 ube-

78 986 227 1024 riores
251 985 414 1024 literae
433 990 666 1036 putantur,
695 996 828 1036 quam
845 983 976 1033 illae,
1005 983 1165 1036 quibus
1184 982 1340 1035 legere
1361 988 1406 1021 et

81 1041 282 1081 scribere
302 1040 456 1080 didici.
505 1039 595 1081 Sed
613 1052 731 1079 nunc
748 1040 794 1078 in
813 1040 962 1079 anima
978 1051 1079 1078 mea
1098 1038 1263 1077 clamet
1278 1037 1404 1077 Deus

78 1109 226 1146 meuS,
256 1102 302 1136 et
323 1097 492 1136 veritas
516 1103 595 1135 tua
619 1095 742 1135 dicat
758 1094 888 1138 mihi:
921 1107 1012 1135 non
1031 1099 1103 1134 est
1117 1095 1201 1143 ita,
1226 1106 1318 1133 non
1337 1100 1408 1133 est

77 1153 164 1203 ita3
190 1152 354 1192 melior
371 1159 441 1192 est
456 1165 642 1205 prorsus
663 1152 873 1192 doctrina
887 1152 970 1192 illa
984 1152 1125 1204 prior.
1161 1149 1277 1190 Nam
1296 1161 1402 1189 ecce

79 1209 284 1262 paratior
307 1222 404 1248 sum
430 1209 639 1249 oblivisci
666 1220 847 1248 errores
872 1209 1073 1257 Aeneae,
1100 1212 1235 1259 atque
1255 1206 1407 1246 omnia

82 1265 330 1314 eiusmodi,
364 1277 496 1318 quam
528 1265 731 1305 scribere
765 1269 812 1304 et
842 1264 1015 1317 legere.
1073 1264 1131 1303 At
1165 1263 1283 1302 enim
1306 1261 1410 1300 vela

80 1321 281 1374 pendent
316 1320 545 1360 liminibus
579 1320 977 1374 grammaticarum
1015 1318 1294 1368 scholarum,
1327 1316 1409 1357 sed

81 1388 173 1415 non
197 1376 278 1416 illa
306 1376 452 1429 magis
484 1375 707 1415 honorem
738 1376 1069 1427 secreti‚quam
1096 1377 1410 1427 tegumentum

86 1432 255 1471 erroris
275 1431 548 1484 significant.
608 1430 712 1471 Non
732 1431 930 1470 clament
946 1430 1162 1470 adversus
1179 1442 1272 1479 me,
1293 1440 1407 1481 quos

81 1488 273 1527 jamnon
298 1489 460 1536 timeo,
495 1487 599 1526 dum
624 1487 848 1526 confiteor
869 1485 977 1535 tibi,
1005 1498 1118 1538 quae
1142 1485 1240 1525 vult
1257 1485 1407 1524 anima

80 1555 204 1591 mea,
229 1541 355 1582 Deus
373 1555 499 1582 meus
512 1572 523 1592 ‚
549 1547 595 1582 et
612 1542 858 1596 adquiesco
877 1542 923 1582 in
939 1540 1296 1595 reprehensione
1314 1552 1406 1580 ma-

80 1598 228 1638 larum
258 1599 431 1638 viarum
462 1610 685 1647 mearum,
718 1603 768 1638 ut
793 1598 981 1652 diligam
1002 1597 1147 1637 bonas
1169 1597 1267 1636 vias
1290 1601 1408 1636 tuas.

80 1653 185 1695 Non
215 1654 410 1694 clament
434 1654 675 1694 adversum
700 1666 771 1693 me
796 1653 1060 1694 venditores
1085 1652 1408 1707 grammaticae

80 1710 155 1750 vel
172 1715 389 1761 emtores3
410 1711 515 1764 quia
529 1711 567 1750 si
586 1722 838 1763 proponam
858 1710 923 1749 eis
941 1710 1248 1762 interrogans,
1260 1713 1411 1748 utrum

82 1779 238 1806 verum
281 1766 362 1816 sit,
404 1766 527 1819 quod
558 1767 755 1806 Aeneam
795 1765 1042 1818 aliquando
1088 1763 1410 1818 Carthaginem

79 1822 263 1861 venisse
300 1824 440 1874 poeta
467 1822 595 1862 dicit:
629 1822 914 1861 indoctiores
940 1834 989 1862 56
1017 1822 1197 1861 nescire
1221 1832 1409 1873 respon-

82 1877 273 1927 debunt,
294 1879 525 1918 doctiores
546 1884 696 1917 autem
715 1879 852 1917 etiam
868 1877 1101 1931 negabunt
1116 1889 1272 1917 verum
1291 1888 1407 1915 esse.

79 1935 136 1973 At
149 1934 189 1974 si
201 1946 428 1986 quaeram,
444 1934 605 1987 quibus
620 1934 768 1973 literis
788 1933 1014 1973 scribatur
1029 1934 1210 1973 Aeneae
1227 1944 1408 1980 nomen,

85 2001 241 2029 omnes
265 1988 398 2039 mihi,
435 1990 513 2042 qui
536 1988 648 2029 haec
675 1989 952 2037 didicerunt,
986 2001 1144 2029 verum
1164 1987 1412 2040 responde-

81 2043 215 2094 bunt,
243 2045 491 2085 secundum
513 2045 560 2084 id
577 2051 759 2097 pactum
778 2050 823 2085 et
839 2045 1078 2097 placitum,
1104 2057 1192 2098 quo
1218 2045 1338 2083 inter
1364 2055 1413 2082 56

84 2098 292 2141 homines
310 2102 402 2141 ista
420 2102 553 2155 signa
570 2102 819 2141 firmarunt.
862 2100 977 2140 Item
994 2102 1034 2141 si
1052 2113 1287 2154 quaeram,
1308 2098 1416 2151 quid

84 2153 249 2195 horum
264 2158 438 2196 maiore
455 2158 576 2196 vitae
595 2155 726 2197 huius
735 2157 1026 2197 incommodo
1053 2157 1242 2210 quisque
1258 2154 1416 2193 oblivi-

89 2217 260 2261 scatur,
281 2212 438 2266 legere
467 2219 512 2254 et
537 2213 762 2262 scribere,
783 2224 838 2251 an
863 2213 1047 2265 poetica
1071 2212 1153 2251 illa
1176 2212 1411 2263 figmenta·
