1473 2443
128 147 209 185 240
444 146 713 187 AURELII
740 147 1104 189 AUGUSTINI

126 229 317 278 stitiam,
353 242 466 282 quae
497 232 823 272 iustificatione
855 231 978 272 facta
1011 237 1094 272 est.
1153 231 1264 272 Nam
1291 237 1336 272 et
1358 245 1440 272 nos

127 285 238 325 dicti
271 298 424 325 sumus
455 286 631 327 iustitia
660 292 752 327 tua.
811 288 885 326 Ait
918 288 1036 327 enim
1068 288 1248 340 quidam
1283 300 1438 328 servus

124 346 249 380 tuus:
281 346 333 379 ut
352 354 429 381 nos
452 341 583 382 simus
606 342 775 382 iustitia
798 341 887 383 Dei
908 342 954 382 in
975 342 1081 396 ipso.
1104 345 1146 392 (2
1169 344 1270 383 Cor.
1292 344 1331 392 5,
1351 345 1437 395 21.)

124 395 247 448 Ergo
274 397 379 448 quia
400 398 527 449 prior
551 399 748 438 omnium
769 403 922 438 creata
940 404 1009 438 est
1027 399 1246 451 quaedam
1264 401 1437 452 sapien-

123 452 209 500 tia,
232 463 346 503 quae
366 458 521 493 creata
538 458 628 503 est,
646 465 771 494 mens
790 454 1029 494 rationalis
1051 459 1096 493 et
1112 455 1437 494 intellectualis

126 511 278 546 castae
299 507 496 548 civitatis
515 514 635 559 tuae,
648 510 805 550 matris
825 514 1008 549 nostrae
1028 522 1140 563 quae
1161 523 1337 550 sursum
1356 515 1438 559 est,

127 567 172 601 et
190 561 337 602 libera
355 569 438 614 est,
459 569 505 604 θῖ
521 570 709 604 aeterna
725 565 771 604 in
789 565 948 614 coelis,
970 565 1152 617 (quibus
1172 566 1331 615 coelis,
1351 566 1438 605 nisi

125 618 201 670 qui
220 622 265 657 te
285 617 473 660 laudant
484 620 604 660 coeli
622 620 870 669 coelorum,
891 621 996 673 quia
1014 619 1099 660 hoc
1117 626 1186 660 θεῖ
1206 627 1251 661 θῖ
1263 621 1440 661 coelum

127 672 248 713 coeli
271 672 532 727 Domino‘ss)
572 676 659 716 etsi
682 688 773 716 non
794 676 1047 716 invenimus
1069 682 1246 729 tempus
1270 681 1372 716 ante
1390 676 1440 715 il-

123 729 234 779 lam,
274 731 380 783 quia
412 734 458 770 et
488 735 742 771 ereaturam
772 732 996 784 temporis
1030 732 1279 781 antecedit,
1325 743 1438 785 quae

123 786 251 838 prior
272 787 467 826 omnium
485 792 640 828 creata
659 792 746 827 est:
779 792 882 826 ante
900 787 1024 826 illam
1042 792 1192 827 tamen
1211 794 1280 827 est
1298 788 1439 840 ipsius

126 842 350 881 creatoris
384 844 653 893 aeternitas,
689 855 715 883 a
739 855 827 896 quo
859 842 982 882 facta
1006 843 1167 882 sumsit
1189 843 1439 891 exordium,

126 897 328 949 quamvis
361 910 451 937 non
484 899 725 950 temporis,
761 899 867 951 quia
897 899 1095 937 nondum
1129 904 1228 938 erat
1249 904 1439 951 tempus,

124 952 269 1002 ipsius
294 957 445 992 tamen
471 955 751 994 condi-tionis
776 966 898 994 suae.
959 954 1086 993 Unde
1108 954 1174 994 ita
1195 959 1265 993 est
1283 955 1360 994 abs
1379 958 1440 1001 ῖθ,

124 1005 226 1045 Deo
261 1013 440 1058 nostro,
479 1014 527 1048 ut
559 1010 683 1049 aliud
715 1010 776 1049 sit
796 1009 927 1062 plane
953 1022 1085 1062 quam
1108 1015 1179 1059 tu,
1215 1014 1259 1049 et
1283 1022 1373 1049 non
1393 1008 1440 1047 id

124 1062 287 1113 ipsum.
350 1063 574 1110 Quoniam
593 1070 638 1104 et
655 1065 690 1104 si
713 1077 802 1103 non
821 1065 967 1104 solum
986 1070 1090 1104 ante
1105 1065 1243 1114 illam,
1261 1064 1341 1105 sed
1357 1076 1441 1103 nec

125 1117 174 1156 in
205 1117 287 1157 illa
316 1119 568 1159 invenimus
601 1125 799 1172 tempus,
841 1120 947 1172 quia
979 1125 1048 1159 θεῖ
1078 1120 1246 1160 idonea
1277 1120 1441 1159 faciem

125 1177 250 1212 tuam
283 1185 461 1226 semper
482 1174 657 1225 videre,
690 1187 775 1214 nec
799 1188 988 1227 usquam
1011 1174 1268 1215 deflectitur
1293 1175 1346 1214 ab
1372 1187 1439 1224 ea,

129 1240 217 1280 quo
243 1228 313 1277 fit,
339 1234 389 1269 ut
411 1230 535 1269 nulla
559 1231 809 1270 mutatione
834 1231 1051 1269 varietur:
1083 1231 1203 1269 inest
1227 1231 1269 1270 ei
1292 1235 1439 1269 tamen

124 1283 226 1335 ipsa
247 1285 547 1335 mutabilitas,
581 1286 699 1325 unde
722 1286 1066 1325 tenebresceret
1088 1291 1132 1325 et
1153 1285 1439 1339 frigesceret,

122 1338 213 1378 nisi
246 1351 400 1380 amore
434 1341 595 1394 grandi
624 1341 710 1381 tibi
739 1340 988 1381 cohaerens
1012 1347 1241 1393 tamquam
1263 1353 1441 1393 semper

121 1394 336 1435 meridies
349 1396 526 1436 luceret
545 1401 590 1436 et
606 1395 807 1436 ferveret
824 1408 880 1436 ex
895 1401 955 1436 te.
1018 1396 1054 1435 O
1074 1396 1232 1436 domus
1250 1397 1439 1437 lumino-

124 1462 176 1488 sa
194 1454 239 1489 et
257 1452 490 1502 speciosa,
517 1453 659 1492 dilexi
677 1452 890 1492 decorem
907 1456 1054 1504 tuum,
1084 1457 1129 1491 θῖ
1146 1452 1295 1491 locum
1315 1450 1437 1491 habi-

122 1506 310 1545 tationis
329 1508 504 1560 gloriae
516 1507 702 1548 Domini
717 1504 1122 1557 mei,fabrica⁷toris
1142 1512 1187 1547 et
1203 1519 1437 1560 possesso-

121 1561 183 1599 ris
201 1561 282 1601 tui.
343 1563 448 1602 Tibi
471 1564 670 1617 suspiret
691 1563 1000 1616 peregrinatio
1024 1575 1145 1612 mea,
1183 1568 1228 1602 et
1251 1563 1351 1602 dico
1378 1562 1436 1611 ei,

122 1616 199 1667 qui
217 1615 329 1657 fecit
343 1623 405 1668 te,
424 1624 474 1659 ut
493 1619 729 1672 possideat
746 1623 791 1658 θῖ
807 1619 939 1657 mein
956 1623 1017 1667 te,
1038 1619 1142 1671 quia
1158 1617 1269 1657 fecit
1286 1623 1330 1657 et
1348 1629 1434 1656 me.

118 1670 280 1711 Erravi
313 1675 431 1713 sicut
466 1676 562 1714 ovis
594 1674 792 1727 perdita,
829 1674 909 1713 sed
939 1674 987 1712 in
1018 1672 1214 1712 humeris
1236 1673 1435 1724 pastoris

118 1727 228 1775 mei,
264 1730 505 1769 structoris
532 1730 620 1778 tui,
654 1742 786 1783 spero
812 1741 882 1768 me
908 1728 1133 1781 reportari
1156 1727 1254 1767 tibi.
1316 1727 1433 1775 Quid

120 1781 270 1821 dicitis
290 1782 413 1832 mihi,
434 1797 546 1837 quos
566 1785 859 1837 adloquebar,
881 1783 1257 1832 contradictores,
1278 1783 1353 1835 qui
1369 1787 1433 1821 ta-

120 1847 223 1875 men
257 1842 304 1876 et
332 1839 528 1891 Moysen
560 1841 684 1892 pium
714 1839 930 1879 famulum
952 1838 1060 1887 Dei,
1097 1842 1142 1877 θῖ
1165 1837 1306 1877 libros
1335 1839 1430 1878 eius

123 1892 309 1931 oracula
342 1895 488 1933 sancti
513 1894 708 1947 Spiritus
742 1893 954 1934 creditis&
982 1893 1123 1933 Estne
1156 1895 1247 1933 ista
1272 1893 1430 1933 domus

118 1945 229 1996 Dei,
262 1960 351 1987 non
375 1949 558 2001 quidem
580 1950 679 1989 Deo
705 1954 968 1997 coaeterna,
996 1949 1077 1988 sed
1100 1953 1248 1988 tamen
1273 1960 1429 1987 secun-

121 2001 224 2041 dum
242 2003 425 2042 modum
443 2017 570 2043 suum
591 2009 776 2044 aeterna
791 2005 835 2043 in
855 2005 1102 2054 coelis,ubi
1119 2005 1240 2043 vices
1259 2009 1431 2055 tempo-

118 2069 217 2096 rum
250 2057 421 2098 frustra
455 2060 694 2111 quaeritis,
731 2060 836 2112 quia
858 2073 949 2099 non
972 2059 1236 2099 invenietis&
1267 2058 1429 2110 Super-

120 2113 326 2165 greditur
348 2115 466 2154 enim
485 2126 662 2154 omnem
681 2115 1005 2155 distentionem
1023 2121 1067 2154 et
1086 2126 1215 2154 omne
1235 2115 1427 2166 spatium

119 2170 283 2209 aetatis
317 2169 537 2210 volubile:
570 2171 644 2211 cui
676 2182 853 2223 semper
877 2170 1114 2211 inhaerere
1137 2170 1237 2208 Deo
1262 2169 1426 2208 bonum

118 2228 200 2264 est.
259 2225 363 2275 Est,
382 2225 602 2279 inquiunt.
665 2226 784 2275 Quid
802 2227 944 2276 igitur
962 2227 1110 2275 exiis,
1133 2237 1246 2277 quae
1266 2225 1425 2264 clama-
