1514 2438
295 129 833 172 CONFESSIONUM
862 129 1073 172 LIBER
1101 130 1162 170 ΙΙ.
1343 130 1395 168 21

63 221 214 271 geret,
254 221 304 256 ut
324 227 468 268 usque
494 215 549 255 ad
570 216 812 270 coniugale
844 215 952 255 litus
973 217 1297 256 exaestuarent
1315 212 1396 254 ssu-

64 279 163 312 ctus
188 272 352 312 aetatis
376 283 530 321 meae,
550 271 590 312 si
612 272 923 325 tranquillitas
947 272 994 311 in
1020 272 1086 312 eis
1098 284 1189 311 non
1212 275 1398 324 poterat

65 341 166 369 esse
196 329 283 368 fine
311 327 701 381 procreandorum
730 328 980 367 liberorum
1007 331 1246 377 contenta,
1276 327 1398 366 sicut

62 383 335 439 praescribit
350 383 426 424 lex
443 388 542 433 tua,
560 383 773 434 Domine,
794 383 870 437 qui
887 382 1062 424 formas
1079 384 1217 424 etiam
1234 394 1397 436 propa-

63 442 214 495 ginem
237 439 535 481 mortalitatis
562 444 772 490 nostrae,
799 444 964 492 potens
991 440 1227 493 imponere
1247 438 1397 478 lenem

62 509 241 537 manum
268 495 325 536 ad
348 501 757 549 temperamentum
783 495 1012 548 spinarum
1040 509 1065 534 a
1084 495 1297 549 paradiso
1315 499 1396 534 tuo

64 550 370 593 seclusarum‘}
399 551 503 593 Non
529 552 650 592 enim
669 551 807 606 longe
828 555 899 591 est
917 563 942 590 a
959 551 1093 591 nobis
1115 551 1397 603 omnipoten-

62 609 129 648 tia
153 614 254 658 tua,
283 609 419 648 etiam
446 620 547 648 cum
563 607 702 662 longe
722 620 876 648 sumus
895 619 921 646 a
936 612 1005 658 te3
1039 613 1116 647 aut
1135 612 1258 647 certe
1278 606 1398 646 soni-

63 670 158 704 tum
182 664 368 704 nubium
393 669 573 704 tuarum
598 663 865 717 vigilantius
894 663 1201 703 adverterem:
1239 661 1397 703 Tribu-

63 720 270 761 lationem
285 717 818 760 autemcarnishabebunt
838 717 1085 759 huiusmodi
1094 734 1112 769 ;
1145 732 1225 773 ego
1253 725 1396 758 autem

63 775 181 817 vobis
192 789 334 830 parco
348 789 367 825 ,·
399 781 468 816 et.-
499 774 675 817 Bonum
694 784 760 816 est
775 774 945 816 homini
960 775 1181 816 mulierem
1196 788 1283 815 ηοη.
1301 781 1397 814 tan-

59 845 195 886 gere5
214 837 282 872 et.-
317 830 407 883 Qui
422 830 513 872 sine
530 845 668 873 uxore
686 838 770 882 est,
791 830 964 887 cogitat
980 845 1030 872 ea
1050 844 1160 885 quae
1178 837 1280 872 sunt
1295 828 1396 880 Dei,

65 888 278 942 quomodo
298 889 479 942 placeat
497 885 596 928 Deo
605 900 627 939 ,⁸
659 886 734 942 qui
758 894 903 928 autem
927 887 1209 929 matrimonio
1226 887 1400 927 iunctus

65 950 141 994 est,
185 944 359 998 cogitat
395 956 446 985 ea
490 957 601 997 quae
631 950 736 984 sunt
766 943 938 994 mundi,
987 944 1200 999 quomodo
1223 944 1401 997 placeat

63 999 206 1040 uxori.
223 1002 264 1050 (l
285 1000 388 1041 Cor.
405 1000 448 1049 7,
470 1001 538 1042 28.
559 1000 597 1041 l.
618 999 684 1040 32.
707 1002 763 1052 S.)
822 1000 921 1041 Has
948 1013 1061 1055 ergo
1099 1013 1238 1040 voces
1267 1012 1402 1040 exau-

65 1057 207 1096 direm
225 1056 514 1110 vigilantior,
541 1060 588 1097 et
604 1055 811 1097 abscisus
830 1062 1019 1110 propter
1037 1069 1227 1111 regnum
1248 1056 1402 1096 coelo-

64 1125 176 1162 rum,
194 1112 379 1153 felicior
397 1118 717 1165 exspectarem
736 1113 973 1166 amplexus
992 1118 1112 1154 tuos.
1157 1112 1248 1154 Sed
1268 1110 1401 1152 effer-

64 1169 141 1208 bui
166 1169 307 1209 miser
329 1180 527 1222 sequens
553 1169 771 1223 impetum
794 1168 944 1210 fluxus
961 1170 1053 1210 mei
1068 1169 1234 1209 relicto
1255 1174 1322 1215 te;
1357 1173 1404 1207 et

66 1224 246 1265 excessi
280 1226 432 1266 omnia
463 1224 674 1279 legitima
696 1230 795 1275 tua,
833 1238 919 1266 nec
941 1226 1066 1267 evasi
1097 1225 1284 1279 flagella
1308 1230 1387 1264 tua

69 1280 180 1329 Quis
215 1281 335 1321 enim
368 1279 456 1323 hoc
487 1281 783 1324 mortalium}
810 1281 927 1324 Nam
958 1287 1008 1322 tu
1034 1294 1214 1334 semper
1240 1281 1403 1321 aderas

66 1338 431 1378 misericorditer
454 1340 688 1388 saeviens,
724 1344 771 1380 et
796 1339 1096 1379 amarissimis
1122 1338 1403 1390 adspergens

66 1392 400 1434 offensionibus
436 1406 593 1435 omnes
617 1395 807 1435 illicitas
835 1394 1146 1435 iocunditates
1171 1405 1320 1440 meas,
1354 1397 1404 1431 ut

64 1450 129 1489 ita
154 1460 421 1502 quaererem
448 1450 546 1490 sine
574 1449 831 1491 offensione
854 1450 1122 1500 iocundari3
1156 1454 1202 1490 et
1221 1448 1293 1488 ubi
1314 1446 1402 1487 hoc

63 1517 245 1558 possem
259 1534 269 1554 ,
288 1517 378 1545 non
397 1505 650 1546 invenirem
670 1506 913 1559 quidquam
926 1536 936 1556 ,
955 1511 1140 1559 praeter
1156 1510 1223 1555 te,
1242 1503 1399 1544 Domi-

64 1573 142 1611 ne,
176 1566 359 1614 praeter
381 1566 451 1611 te,
486 1563 563 1616 qui
589 1563 724 1617 fingis
751 1562 959 1603 dolorem
980 1563 1027 1602 in
1051 1565 1323 1615 praecepto,
1355 1566 1402 1599 et

63 1617 261 1670 percutis
280 1622 330 1656 ut
348 1629 481 1658 sanes
495 1648 505 1668 ‚
535 1623 581 1658 et
600 1617 877 1658 occidis-nos
896 1631 953 1659 ne
970 1618 1220 1659 moriamur
1238 1616 1317 1656 abs
1336 1620 1398 1657 te.

60 1673 149 1713 Ubi
169 1685 314 1722 eram,
335 1677 382 1713 et
400 1686 532 1726 quam
550 1674 689 1728 longe
709 1674 974 1715 exsulabam
993 1687 1019 1714 a
1036 1673 1218 1715 deliciis
1237 1671 1397 1712 domus

61 1734 190 1779 tuae,
225 1740 341 1769 anno
377 1729 460 1770 illo
489 1736 621 1771 sexto
657 1730 835 1771 decimo
870 1731 1036 1772 aetatis
1071 1729 1221 1771 carnis
1253 1740 1399 1773 meae,

65 1798 165 1825 cum
190 1785 370 1837 accepit
392 1786 440 1826 in
464 1798 537 1828 me
565 1792 817 1840 sceptrum,
846 1792 892 1827 et
909 1791 1033 1828 totas
1051 1798 1212 1827 manus
1233 1785 1274 1824 ei
1295 1783 1401 1824 dedi

64 1842 252 1881 vesania
275 1840 481 1883 libidinis
505 1843 779 1884 licentiosae
806 1855 889 1896 per
915 1843 1116 1884 dedecus
1141 1840 1400 1889 humanum,

64 1897 256 1938 illicitae
291 1903 442 1938 autem
474 1911 556 1952 per
587 1898 717 1954 leges
740 1899 871 1939 tuas?
900 1899 1005 1941 Non
1028 1898 1119 1939 fuit
1145 1910 1254 1938 cura
1277 1908 1401 1937 meo-

63 1966 177 2003 rum,
196 1958 403 1994 ruentem
424 1956 636 2009 excipere
653 1967 726 1996 me
742 1956 1060 2005 matrimoni03
1084 1954 1164 1995 sed
1185 1966 1294 1994 cura
1312 1952 1400 1992 fuit

63 2015 259 2060 tantum,
293 2014 344 2050 ut
377 2010 605 2051 discerem
638 2023 897 2053 sermonem
928 2011 1084 2052 facere
1119 2022 1254 2064 quam
1284 2009 1397 2062 opti-

63 2078 204 2115 mum,
231 2071 278 2107 et
298 2066 577 2119 persuadere
597 2067 816 2109 dictione.

148 2121 195 2160 C.
227 2122 304 2164 111.
360 2122 421 2163 Et
458 2134 576 2163 anno
618 2123 801 2177 quidem
838 2123 921 2163 illo
959 2123 1226 2163 intermissa
1267 2125 1398 2160 erant

58 2174 214 2216 studia
231 2189 354 2228 mea,
383 2178 488 2219 dum
505 2177 617 2219 mihi
633 2179 824 2220 reducto
846 2192 872 2219 a
887 2178 1145 2228 Madauris,
1163 2178 1208 2217 in
1229 2189 1316 2230 qua
1334 2176 1394 2213 vi-

60 2231 161 2272 cina
197 2233 309 2274 urbe
333 2233 424 2275 iam
450 2247 696 2289 coeperam
714 2235 985 2276 literaturae
1005 2239 1140 2288 atque
1162 2231 1394 2273 oratoriae
