<?xml version="1.0" encoding="UTF-8"?>
<!DOCTYPE html PUBLIC "-//W3C//DTD XHTML 1.0 Transitional//EN"
    "http://www.w3.org/TR/xhtml1/DTD/xhtml1-transitional.dtd">
<html xmlns="http://www.w3.org/1999/xhtml" xml:lang="en" lang="en">
 <head>
  <title>
</title>
<meta http-equiv="Content-Type" content="text/html;charset=utf-8" />
  <meta name='ocr-system' content='tesseract 3.04.00' />
  <meta name='ocr-capabilities' content='ocr_page ocr_carea ocr_par ocr_line ocrx_word'/>
</head>
<body>
  <div class='ocr_page' id='page_1' title='image "./saureliiaugustin00augu_0230.png"; bbox 0 0 1473 2443; ppageno 0'>
   <div class='ocr_carea' id='block_1_1' title="bbox 124 87 1099 134">
    <p class='ocr_par' dir='ltr' id='par_1_1' title="bbox 124 87 1099 134">
     <span class='ocr_line' id='line_1_1' title="bbox 124 87 1099 134; baseline -0.006 0"><span class='ocrx_word' id='word_1_1' title='bbox 124 95 206 134; x_wconf 80' lang='lat'>204</span> <span class='ocrx_word' id='word_1_2' title='bbox 437 89 708 132; x_wconf 85' lang='lat' dir='ltr'><strong>AURELII</strong></span> <span class='ocrx_word' id='word_1_3' title='bbox 738 87 1099 133; x_wconf 84' lang='lat' dir='ltr'><strong>AUGUSTINI</strong></span> 
     </span>
    </p>
   </div>
   <div class='ocr_carea' id='block_1_2' title="bbox 122 174 1447 2226">
    <p class='ocr_par' dir='ltr' id='par_1_2' title="bbox 122 174 1430 508">
     <span class='ocr_line' id='line_1_2' title="bbox 122 174 1428 230; baseline -0.002 -12"><span class='ocrx_word' id='word_1_4' title='bbox 122 179 232 218; x_wconf 89' lang='lat' dir='ltr'>illuc</span> <span class='ocrx_word' id='word_1_5' title='bbox 250 175 425 230; x_wconf 46' lang='lat' dir='ltr'>potest}</span> <span class='ocrx_word' id='word_1_6' title='bbox 443 175 684 216; x_wconf 83' lang='lat' dir='ltr'><strong>Proiectus</strong></span> <span class='ocrx_word' id='word_1_7' title='bbox 697 189 795 216; x_wconf 85' lang='lat' dir='ltr'>sum</span> <span class='ocrx_word' id='word_1_8' title='bbox 809 188 835 215; x_wconf 92' lang='lat' dir='ltr'>a</span> <span class='ocrx_word' id='word_1_9' title='bbox 846 174 964 215; x_wconf 82' lang='lat' dir='ltr'>facie</span> <span class='ocrx_word' id='word_1_10' title='bbox 983 174 1219 216; x_wconf 88' lang='lat' dir='ltr'>oculorum</span> <span class='ocrx_word' id='word_1_11' title='bbox 1231 178 1428 215; x_wconf 88' lang='lat' dir='ltr'>tuorum.</span> 
     </span>
     <span class='ocr_line' id='line_1_3' title="bbox 123 230 1430 285; baseline -0.004 -12"><span class='ocrx_word' id='word_1_12' title='bbox 123 235 194 274; x_wconf 88' lang='lat' dir='ltr'>Tu</span> <span class='ocrx_word' id='word_1_13' title='bbox 228 246 275 273; x_wconf 91' lang='lat' dir='ltr'>es</span> <span class='ocrx_word' id='word_1_14' title='bbox 307 232 476 272; x_wconf 86' lang='lat' dir='ltr'>veritas</span> <span class='ocrx_word' id='word_1_15' title='bbox 501 244 637 285; x_wconf 88' lang='lat' dir='ltr'>super</span> <span class='ocrx_word' id='word_1_16' title='bbox 663 232 813 271; x_wconf 88' lang='lat' dir='ltr'>omnia</span> <span class='ocrx_word' id='word_1_17' title='bbox 835 230 1122 285; x_wconf 82' lang='lat' dir='ltr'>praesidens3</span> <span class='ocrx_word' id='word_1_18' title='bbox 1170 234 1217 269; x_wconf 87' lang='lat' dir='ltr'>at</span> <span class='ocrx_word' id='word_1_19' title='bbox 1238 242 1324 283; x_wconf 87' lang='lat' dir='ltr'>ego</span> <span class='ocrx_word' id='word_1_20' title='bbox 1349 241 1430 283; x_wconf 86' lang='lat' dir='ltr'>per</span> 
     </span>
     <span class='ocr_line' id='line_1_4' title="bbox 125 285 1429 336; baseline -0.005 -7"><span class='ocrx_word' id='word_1_21' title='bbox 125 289 363 329; x_wconf 83' lang='lat' dir='ltr'>avaritiam</span> <span class='ocrx_word' id='word_1_22' title='bbox 380 299 525 328; x_wconf 88' lang='lat' dir='ltr'>meam</span> <span class='ocrx_word' id='word_1_23' title='bbox 542 299 630 327; x_wconf 90' lang='lat' dir='ltr'>non</span> <span class='ocrx_word' id='word_1_24' title='bbox 652 288 861 327; x_wconf 89' lang='lat' dir='ltr'>amittere</span> <span class='ocrx_word' id='word_1_25' title='bbox 879 291 924 326; x_wconf 90' lang='lat' dir='ltr'>te</span> <span class='ocrx_word' id='word_1_26' title='bbox 942 286 1088 336; x_wconf 90' lang='lat' dir='ltr'>volui,</span> <span class='ocrx_word' id='word_1_27' title='bbox 1123 285 1204 326; x_wconf 83' lang='lat' dir='ltr'>sed</span> <span class='ocrx_word' id='word_1_28' title='bbox 1221 285 1348 326; x_wconf 85' lang='lat' dir='ltr'>volui</span> <span class='ocrx_word' id='word_1_29' title='bbox 1363 292 1429 324; x_wconf 87' lang='lat' dir='ltr'>te-</span> 
     </span>
     <span class='ocr_line' id='line_1_5' title="bbox 126 339 1430 398; baseline -0.004 -14"><span class='ocrx_word' id='word_1_30' title='bbox 126 358 226 384; x_wconf 84' lang='lat' dir='ltr'>cum</span> <span class='ocrx_word' id='word_1_31' title='bbox 251 344 488 398; x_wconf 88' lang='lat' dir='ltr'>possidere</span> <span class='ocrx_word' id='word_1_32' title='bbox 511 344 815 394; x_wconf 84' lang='lat' dir='ltr'>mendacium3</span> <span class='ocrx_word' id='word_1_33' title='bbox 847 343 965 383; x_wconf 88' lang='lat' dir='ltr'>sicut</span> <span class='ocrx_word' id='word_1_34' title='bbox 987 354 1118 382; x_wconf 90' lang='lat' dir='ltr'>nemo</span> <span class='ocrx_word' id='word_1_35' title='bbox 1142 341 1240 382; x_wconf 77' lang='lat' dir='ltr'>vult</span> <span class='ocrx_word' id='word_1_36' title='bbox 1261 341 1327 381; x_wconf 87' lang='lat' dir='ltr'>ita</span> <span class='ocrx_word' id='word_1_37' title='bbox 1349 339 1430 380; x_wconf 88' lang='lat' dir='ltr'>fal-</span> 
     </span>
     <span class='ocr_line' id='line_1_6' title="bbox 126 397 1430 452; baseline -0.004 -12"><span class='ocrx_word' id='word_1_38' title='bbox 126 413 223 440; x_wconf 87' lang='lat' dir='ltr'>sum</span> <span class='ocrx_word' id='word_1_39' title='bbox 247 401 419 449; x_wconf 80' lang='lat' dir='ltr'>dicere,</span> <span class='ocrx_word' id='word_1_40' title='bbox 452 404 502 439; x_wconf 91' lang='lat' dir='ltr'>ut</span> <span class='ocrx_word' id='word_1_41' title='bbox 518 399 693 439; x_wconf 86' lang='lat' dir='ltr'>neseiat</span> <span class='ocrx_word' id='word_1_42' title='bbox 717 400 815 452; x_wconf 89' lang='lat' dir='ltr'>ipse</span> <span class='ocrx_word' id='word_1_43' title='bbox 839 398 947 452; x_wconf 89' lang='lat' dir='ltr'>quid</span> <span class='ocrx_word' id='word_1_44' title='bbox 968 410 1123 438; x_wconf 89' lang='lat' dir='ltr'>verum</span> <span class='ocrx_word' id='word_1_45' title='bbox 1141 397 1215 437; x_wconf 86' lang='lat' dir='ltr'>sit.</span> <span class='ocrx_word' id='word_1_46' title='bbox 1273 397 1430 450; x_wconf 88' lang='lat' dir='ltr'>ltaque</span> 
     </span>
     <span class='ocr_line' id='line_1_7' title="bbox 125 452 1430 508; baseline -0.004 -12"><span class='ocrx_word' id='word_1_47' title='bbox 125 456 257 496; x_wconf 89' lang='lat' dir='ltr'>amisi</span> <span class='ocrx_word' id='word_1_48' title='bbox 274 460 334 505; x_wconf 91' lang='lat' dir='ltr'>te,</span> <span class='ocrx_word' id='word_1_49' title='bbox 359 455 466 508; x_wconf 87' lang='lat' dir='ltr'>quia</span> <span class='ocrx_word' id='word_1_50' title='bbox 482 467 574 494; x_wconf 91' lang='lat' dir='ltr'>non</span> <span class='ocrx_word' id='word_1_51' title='bbox 590 454 793 508; x_wconf 85' lang='lat' dir='ltr'>dignaris</span> <span class='ocrx_word' id='word_1_52' title='bbox 814 467 913 494; x_wconf 86' lang='lat' dir='ltr'>cum</span> <span class='ocrx_word' id='word_1_53' title='bbox 930 453 1169 494; x_wconf 87' lang='lat' dir='ltr'>mendacio</span> <span class='ocrx_word' id='word_1_54' title='bbox 1188 452 1430 505; x_wconf 88' lang='lat' dir='ltr'>possideri.</span> 
     </span>
    </p>

    <p class='ocr_par' dir='ltr' id='par_1_3' title="bbox 125 508 1445 2106">
     <span class='ocr_line' id='line_1_8' title="bbox 210 508 1430 564; baseline -0.003 -14"><span class='ocrx_word' id='word_1_55' title='bbox 210 512 256 551; x_wconf 81' lang='lat' dir='ltr'>C.</span> <span class='ocrx_word' id='word_1_56' title='bbox 281 510 421 552; x_wconf 81' lang='lat' dir='ltr'>XLII.</span> <span class='ocrx_word' id='word_1_57' title='bbox 483 510 629 559; x_wconf 74' lang='lat' dir='ltr'>Quem</span> <span class='ocrx_word' id='word_1_58' title='bbox 645 510 998 564; x_wconf 85' lang='lat' dir='ltr'>invenirem,qui</span> <span class='ocrx_word' id='word_1_59' title='bbox 1014 521 1084 549; x_wconf 90' lang='lat' dir='ltr'>me</span> <span class='ocrx_word' id='word_1_60' title='bbox 1106 508 1430 548; x_wconf 78' lang='lat' dir='ltr'>reconciliaret</span> 
     </span>
     <span class='ocr_line' id='line_1_9' title="bbox 126 562 1435 618; baseline -0.003 -12"><span class='ocrx_word' id='word_1_61' title='bbox 126 567 234 606; x_wconf 46' lang='lat' dir='ltr'>tibi&amp;</span> <span class='ocrx_word' id='word_1_62' title='bbox 265 567 562 606; x_wconf 83' lang='lat' dir='ltr'>Ambiendum</span> <span class='ocrx_word' id='word_1_63' title='bbox 586 564 695 606; x_wconf 89' lang='lat' dir='ltr'>mihi</span> <span class='ocrx_word' id='word_1_64' title='bbox 712 566 799 605; x_wconf 85' lang='lat' dir='ltr'>fuit</span> <span class='ocrx_word' id='word_1_65' title='bbox 820 565 876 606; x_wconf 87' lang='lat' dir='ltr'>ad</span> <span class='ocrx_word' id='word_1_66' title='bbox 908 564 1125 618; x_wconf 55' lang='lat' dir='ltr'>angelos}</span> <span class='ocrx_word' id='word_1_67' title='bbox 1156 563 1255 612; x_wconf 72' lang='lat' dir='ltr'>Qua</span> <span class='ocrx_word' id='word_1_68' title='bbox 1272 562 1435 616; x_wconf 61' lang='lat' dir='ltr'>prece}</span> 
     </span>
     <span class='ocr_line' id='line_1_10' title="bbox 128 618 1433 671; baseline -0.003 -9"><span class='ocrx_word' id='word_1_69' title='bbox 128 623 301 671; x_wconf 75' lang='lat' dir='ltr'>Quibus</span> <span class='ocrx_word' id='word_1_70' title='bbox 319 621 639 662; x_wconf 66' lang='lat' dir='ltr'>sacramentisit</span> <span class='ocrx_word' id='word_1_71' title='bbox 655 618 791 661; x_wconf 88' lang='lat' dir='ltr'>Multi</span> <span class='ocrx_word' id='word_1_72' title='bbox 810 627 1028 661; x_wconf 86' lang='lat' dir='ltr'>conantes</span> <span class='ocrx_word' id='word_1_73' title='bbox 1046 620 1103 659; x_wconf 90' lang='lat' dir='ltr'>ad</span> <span class='ocrx_word' id='word_1_74' title='bbox 1119 625 1165 660; x_wconf 93' lang='lat' dir='ltr'>te</span> <span class='ocrx_word' id='word_1_75' title='bbox 1182 620 1433 669; x_wconf 84' lang='lat' dir='ltr'>redire,ne—</span> 
     </span>
     <span class='ocr_line' id='line_1_11' title="bbox 130 677 1436 732; baseline -0.003 -15"><span class='ocrx_word' id='word_1_76' title='bbox 130 691 213 731; x_wconf 86' lang='lat' dir='ltr'>que</span> <span class='ocrx_word' id='word_1_77' title='bbox 242 691 322 732; x_wconf 87' lang='lat' dir='ltr'>per</span> <span class='ocrx_word' id='word_1_78' title='bbox 350 690 398 718; x_wconf 89' lang='lat' dir='ltr'>se</span> <span class='ocrx_word' id='word_1_79' title='bbox 416 679 541 730; x_wconf 86' lang='lat' dir='ltr'>ipsos</span> <span class='ocrx_word' id='word_1_80' title='bbox 559 677 783 727; x_wconf 76' lang='lat' dir='ltr'>valentes,</span> <span class='ocrx_word' id='word_1_81' title='bbox 817 678 935 717; x_wconf 84' lang='lat' dir='ltr'>sicut</span> <span class='ocrx_word' id='word_1_82' title='bbox 954 677 1113 725; x_wconf 90' lang='lat' dir='ltr'>audio,</span> <span class='ocrx_word' id='word_1_83' title='bbox 1146 680 1436 715; x_wconf 81' lang='lat' dir='ltr'>tentaverunt</span> 
     </span>
     <span class='ocr_line' id='line_1_12' title="bbox 128 731 1434 784; baseline -0.002 -11"><span class='ocrx_word' id='word_1_84' title='bbox 128 733 241 774; x_wconf 86' lang='lat' dir='ltr'>haec</span> <span class='ocrx_word' id='word_1_85' title='bbox 254 765 265 784; x_wconf 86' lang='lat'>,</span> <span class='ocrx_word' id='word_1_86' title='bbox 300 742 344 773; x_wconf 88' lang='lat' dir='ltr'>et</span> <span class='ocrx_word' id='word_1_87' title='bbox 368 733 627 774; x_wconf 82' lang='lat' dir='ltr'>inciderunt</span> <span class='ocrx_word' id='word_1_88' title='bbox 643 733 689 771; x_wconf 89' lang='lat' dir='ltr'>in</span> <span class='ocrx_word' id='word_1_89' title='bbox 708 732 983 772; x_wconf 87' lang='lat' dir='ltr'>desiderium</span> <span class='ocrx_word' id='word_1_90' title='bbox 1002 733 1283 772; x_wconf 85' lang='lat' dir='ltr'>curiosarum</span> <span class='ocrx_word' id='word_1_91' title='bbox 1299 731 1434 770; x_wconf 83' lang='lat' dir='ltr'>visio-</span> 
     </span>
     <span class='ocr_line' id='line_1_13' title="bbox 128 787 1434 842; baseline -0.003 -13"><span class='ocrx_word' id='word_1_92' title='bbox 128 803 246 839; x_wconf 88' lang='lat' dir='ltr'>num,</span> <span class='ocrx_word' id='word_1_93' title='bbox 267 795 311 828; x_wconf 90' lang='lat' dir='ltr'>et</span> <span class='ocrx_word' id='word_1_94' title='bbox 330 789 455 842; x_wconf 85' lang='lat' dir='ltr'>digni</span> <span class='ocrx_word' id='word_1_95' title='bbox 475 787 616 828; x_wconf 88' lang='lat' dir='ltr'>habiti</span> <span class='ocrx_word' id='word_1_96' title='bbox 634 793 737 828; x_wconf 88' lang='lat' dir='ltr'>sunt</span> <span class='ocrx_word' id='word_1_97' title='bbox 756 788 1060 829; x_wconf 86' lang='lat' dir='ltr'>illusionibus.</span> <span class='ocrx_word' id='word_1_98' title='bbox 1113 787 1236 826; x_wconf 82' lang='lat' dir='ltr'>Elati</span> <span class='ocrx_word' id='word_1_99' title='bbox 1251 788 1373 826; x_wconf 87' lang='lat' dir='ltr'>enim</span> <span class='ocrx_word' id='word_1_100' title='bbox 1390 791 1434 825; x_wconf 85' lang='lat' dir='ltr'>te</span> 
     </span>
     <span class='ocr_line' id='line_1_14' title="bbox 128 843 1437 899; baseline -0.003 -14"><span class='ocrx_word' id='word_1_101' title='bbox 128 845 406 899; x_wconf 79' lang='lat' dir='ltr'>quaerebant</span> <span class='ocrx_word' id='word_1_102' title='bbox 424 844 656 884; x_wconf 89' lang='lat' dir='ltr'>doctrinae</span> <span class='ocrx_word' id='word_1_103' title='bbox 675 843 816 893; x_wconf 86' lang='lat' dir='ltr'>fastu,</span> <span class='ocrx_word' id='word_1_104' title='bbox 851 848 1115 883; x_wconf 84' lang='lat' dir='ltr'>exserentes</span> <span class='ocrx_word' id='word_1_105' title='bbox 1134 843 1285 896; x_wconf 90' lang='lat' dir='ltr'>potius</span> <span class='ocrx_word' id='word_1_106' title='bbox 1304 854 1437 895; x_wconf 86' lang='lat' dir='ltr'>quam</span> 
     </span>
     <span class='ocr_line' id='line_1_15' title="bbox 125 896 1437 953; baseline -0.004 -12"><span class='ocrx_word' id='word_1_107' title='bbox 125 900 369 941; x_wconf 89' lang='lat' dir='ltr'>tundentes</span> <span class='ocrx_word' id='word_1_108' title='bbox 388 904 587 953; x_wconf 81' lang='lat' dir='ltr'>pectora,</span> <span class='ocrx_word' id='word_1_109' title='bbox 614 906 658 939; x_wconf 89' lang='lat' dir='ltr'>et</span> <span class='ocrx_word' id='word_1_110' title='bbox 676 899 962 939; x_wconf 83' lang='lat' dir='ltr'>adduxerunt</span> <span class='ocrx_word' id='word_1_111' title='bbox 977 899 1066 939; x_wconf 86' lang='lat' dir='ltr'>sibi</span> <span class='ocrx_word' id='word_1_112' title='bbox 1083 911 1164 952; x_wconf 89' lang='lat' dir='ltr'>per</span> <span class='ocrx_word' id='word_1_113' title='bbox 1178 896 1437 938; x_wconf 86' lang='lat' dir='ltr'>similitudi-</span> 
     </span>
     <span class='ocr_line' id='line_1_16' title="bbox 128 954 1437 1008; baseline -0.002 -12"><span class='ocrx_word' id='word_1_114' title='bbox 128 968 231 996; x_wconf 89' lang='lat' dir='ltr'>nem</span> <span class='ocrx_word' id='word_1_115' title='bbox 249 955 400 995; x_wconf 87' lang='lat' dir='ltr'>cordis</span> <span class='ocrx_word' id='word_1_116' title='bbox 418 957 489 995; x_wconf 87' lang='lat' dir='ltr'>sui</span> <span class='ocrx_word' id='word_1_117' title='bbox 508 956 820 1008; x_wconf 69' lang='lat' dir='ltr'>conspirantes</span> <span class='ocrx_word' id='word_1_118' title='bbox 840 960 885 994; x_wconf 89' lang='lat' dir='ltr'>et</span> <span class='ocrx_word' id='word_1_119' title='bbox 901 955 1053 994; x_wconf 88' lang='lat' dir='ltr'>socias</span> <span class='ocrx_word' id='word_1_120' title='bbox 1073 954 1313 1007; x_wconf 79' lang='lat' dir='ltr'>superbiae</span> <span class='ocrx_word' id='word_1_121' title='bbox 1329 964 1437 993; x_wconf 87' lang='lat' dir='ltr'>suae</span> 
     </span>
     <span class='ocr_line' id='line_1_17' title="bbox 128 1008 1437 1065; baseline -0.005 -13"><span class='ocrx_word' id='word_1_122' title='bbox 128 1016 383 1065; x_wconf 84' lang='lat' dir='ltr'>potestates</span> <span class='ocrx_word' id='word_1_123' title='bbox 407 1011 524 1050; x_wconf 74' lang='lat' dir='ltr'>a&#39;e&#39;ris</span> <span class='ocrx_word' id='word_1_124' title='bbox 544 1009 696 1060; x_wconf 91' lang='lat' dir='ltr'>huius,</span> <span class='ocrx_word' id='word_1_125' title='bbox 730 1023 756 1049; x_wconf 89' lang='lat' dir='ltr'>a</span> <span class='ocrx_word' id='word_1_126' title='bbox 774 1011 935 1062; x_wconf 88' lang='lat' dir='ltr'>quibus</span> <span class='ocrx_word' id='word_1_127' title='bbox 954 1022 1035 1062; x_wconf 85' lang='lat' dir='ltr'>per</span> <span class='ocrx_word' id='word_1_128' title='bbox 1052 1011 1281 1063; x_wconf 84' lang='lat' dir='ltr'>potentias</span> <span class='ocrx_word' id='word_1_129' title='bbox 1297 1008 1437 1062; x_wconf 84' lang='lat' dir='ltr'>magi-</span> 
     </span>
     <span class='ocr_line' id='line_1_18' title="bbox 132 1066 1439 1120; baseline -0.003 -13"><span class='ocrx_word' id='word_1_130' title='bbox 132 1080 207 1107; x_wconf 86' lang='lat' dir='ltr'>cas</span> <span class='ocrx_word' id='word_1_131' title='bbox 227 1067 560 1120; x_wconf 82' lang='lat' dir='ltr'>deciperentur,</span> <span class='ocrx_word' id='word_1_132' title='bbox 581 1072 853 1118; x_wconf 81' lang='lat' dir='ltr'>quaerentes</span> <span class='ocrx_word' id='word_1_133' title='bbox 871 1066 1186 1115; x_wconf 83' lang='lat' dir='ltr'>mediatorem,</span> <span class='ocrx_word' id='word_1_134' title='bbox 1205 1078 1287 1118; x_wconf 88' lang='lat' dir='ltr'>per</span> <span class='ocrx_word' id='word_1_135' title='bbox 1305 1076 1439 1117; x_wconf 91' lang='lat' dir='ltr'>quem</span> 
     </span>
     <span class='ocr_line' id='line_1_19' title="bbox 128 1121 1438 1176; baseline -0.002 -14"><span class='ocrx_word' id='word_1_136' title='bbox 128 1127 450 1176; x_wconf 83' lang='lat' dir='ltr'>purgarentur;</span> <span class='ocrx_word' id='word_1_137' title='bbox 472 1126 517 1161; x_wconf 89' lang='lat' dir='ltr'>et</span> <span class='ocrx_word' id='word_1_138' title='bbox 535 1133 624 1160; x_wconf 92' lang='lat' dir='ltr'>non</span> <span class='ocrx_word' id='word_1_139' title='bbox 644 1126 753 1160; x_wconf 89' lang='lat' dir='ltr'>erat.</span> <span class='ocrx_word' id='word_1_140' title='bbox 799 1121 1024 1161; x_wconf 89' lang='lat' dir='ltr'>Diabolus</span> <span class='ocrx_word' id='word_1_141' title='bbox 1045 1122 1162 1161; x_wconf 88' lang='lat' dir='ltr'>enim</span> <span class='ocrx_word' id='word_1_142' title='bbox 1180 1126 1278 1160; x_wconf 89' lang='lat' dir='ltr'>erat</span> <span class='ocrx_word' id='word_1_143' title='bbox 1297 1126 1438 1160; x_wconf 83' lang='lat' dir='ltr'>trans-</span> 
     </span>
     <span class='ocr_line' id='line_1_20' title="bbox 131 1175 1438 1231; baseline -0.004 -13"><span class='ocrx_word' id='word_1_144' title='bbox 131 1179 332 1231; x_wconf 82' lang='lat' dir='ltr'>figurans</span> <span class='ocrx_word' id='word_1_145' title='bbox 351 1190 399 1217; x_wconf 88' lang='lat' dir='ltr'>se</span> <span class='ocrx_word' id='word_1_146' title='bbox 417 1178 463 1216; x_wconf 91' lang='lat' dir='ltr'>in</span> <span class='ocrx_word' id='word_1_147' title='bbox 484 1176 693 1229; x_wconf 82' lang='lat' dir='ltr'>angelum</span> <span class='ocrx_word' id='word_1_148' title='bbox 710 1177 826 1217; x_wconf 86' lang='lat' dir='ltr'>lucis</span> <span class='ocrx_word' id='word_1_149' title='bbox 846 1178 890 1226; x_wconf 86' lang='lat'>(2</span> <span class='ocrx_word' id='word_1_150' title='bbox 911 1177 1014 1217; x_wconf 83' lang='lat' dir='ltr'>Cor.</span> <span class='ocrx_word' id='word_1_151' title='bbox 1038 1179 1103 1226; x_wconf 91' lang='lat' dir='ltr'>ll,</span> <span class='ocrx_word' id='word_1_152' title='bbox 1125 1177 1231 1227; x_wconf 78' lang='lat'>14.);</span> <span class='ocrx_word' id='word_1_153' title='bbox 1267 1182 1313 1216; x_wconf 87' lang='lat' dir='ltr'>et</span> <span class='ocrx_word' id='word_1_154' title='bbox 1330 1175 1438 1215; x_wconf 93' lang='lat' dir='ltr'>mul-</span> 
     </span>
     <span class='ocr_line' id='line_1_21' title="bbox 132 1232 1437 1286; baseline -0.003 -13"><span class='ocrx_word' id='word_1_155' title='bbox 132 1239 228 1274; x_wconf 87' lang='lat' dir='ltr'>tum</span> <span class='ocrx_word' id='word_1_156' title='bbox 251 1233 403 1272; x_wconf 83' lang='lat' dir='ltr'>illexit</span> <span class='ocrx_word' id='word_1_157' title='bbox 421 1232 660 1286; x_wconf 85' lang='lat' dir='ltr'>superbam</span> <span class='ocrx_word' id='word_1_158' title='bbox 678 1245 881 1282; x_wconf 86' lang='lat' dir='ltr'>earnem,</span> <span class='ocrx_word' id='word_1_159' title='bbox 916 1232 1038 1286; x_wconf 87' lang='lat' dir='ltr'>quod</span> <span class='ocrx_word' id='word_1_160' title='bbox 1057 1245 1222 1272; x_wconf 87' lang='lat' dir='ltr'>carneo</span> <span class='ocrx_word' id='word_1_161' title='bbox 1244 1243 1437 1284; x_wconf 83' lang='lat' dir='ltr'>corpore</span> 
     </span>
     <span class='ocr_line' id='line_1_22' title="bbox 131 1288 1439 1343; baseline -0.003 -13"><span class='ocrx_word' id='word_1_162' title='bbox 131 1291 229 1343; x_wconf 89' lang='lat' dir='ltr'>ipse</span> <span class='ocrx_word' id='word_1_163' title='bbox 248 1301 338 1328; x_wconf 92' lang='lat' dir='ltr'>non</span> <span class='ocrx_word' id='word_1_164' title='bbox 356 1293 493 1329; x_wconf 84' lang='lat' dir='ltr'>esset.</span> <span class='ocrx_word' id='word_1_165' title='bbox 551 1288 693 1328; x_wconf 85' lang='lat' dir='ltr'>Erant</span> <span class='ocrx_word' id='word_1_166' title='bbox 711 1290 828 1328; x_wconf 88' lang='lat' dir='ltr'>enim</span> <span class='ocrx_word' id='word_1_167' title='bbox 846 1289 915 1328; x_wconf 85' lang='lat' dir='ltr'>illi</span> <span class='ocrx_word' id='word_1_168' title='bbox 932 1289 1149 1328; x_wconf 86' lang='lat' dir='ltr'>mortales</span> <span class='ocrx_word' id='word_1_169' title='bbox 1169 1294 1215 1327; x_wconf 90' lang='lat' dir='ltr'>et</span> <span class='ocrx_word' id='word_1_170' title='bbox 1231 1292 1439 1341; x_wconf 81' lang='lat' dir='ltr'>peccato-</span> 
     </span>
     <span class='ocr_line' id='line_1_23' title="bbox 133 1342 1439 1396; baseline -0.003 -11"><span class='ocrx_word' id='word_1_171' title='bbox 133 1358 230 1395; x_wconf 90' lang='lat' dir='ltr'>res;</span> <span class='ocrx_word' id='word_1_172' title='bbox 274 1349 325 1384; x_wconf 87' lang='lat' dir='ltr'>tu</span> <span class='ocrx_word' id='word_1_173' title='bbox 358 1349 527 1394; x_wconf 89' lang='lat' dir='ltr'>autem,</span> <span class='ocrx_word' id='word_1_174' title='bbox 560 1343 777 1393; x_wconf 88' lang='lat' dir='ltr'>Domine,</span> <span class='ocrx_word' id='word_1_175' title='bbox 812 1345 887 1384; x_wconf 85' lang='lat' dir='ltr'>eui</span> <span class='ocrx_word' id='word_1_176' title='bbox 918 1344 1210 1384; x_wconf 85' lang='lat' dir='ltr'>reconciliari</span> <span class='ocrx_word' id='word_1_177' title='bbox 1245 1342 1439 1396; x_wconf 90' lang='lat' dir='ltr'>superbe</span> 
     </span>
     <span class='ocr_line' id='line_1_24' title="bbox 134 1400 1441 1455; baseline -0.003 -14"><span class='ocrx_word' id='word_1_178' title='bbox 134 1401 434 1455; x_wconf 86' lang='lat' dir='ltr'>quaerebant,</span> <span class='ocrx_word' id='word_1_179' title='bbox 466 1400 739 1440; x_wconf 87' lang='lat' dir='ltr'>immortalis</span> <span class='ocrx_word' id='word_1_180' title='bbox 766 1404 810 1439; x_wconf 88' lang='lat' dir='ltr'>et</span> <span class='ocrx_word' id='word_1_181' title='bbox 829 1401 925 1440; x_wconf 90' lang='lat' dir='ltr'>sine</span> <span class='ocrx_word' id='word_1_182' title='bbox 944 1405 1150 1453; x_wconf 85' lang='lat' dir='ltr'>peceato.</span> <span class='ocrx_word' id='word_1_183' title='bbox 1209 1400 1441 1439; x_wconf 85' lang='lat' dir='ltr'>Mediator</span> 
     </span>
     <span class='ocr_line' id='line_1_25' title="bbox 133 1454 1444 1508; baseline -0.003 -12"><span class='ocrx_word' id='word_1_184' title='bbox 133 1461 284 1497; x_wconf 83' lang='lat' dir='ltr'>autem</span> <span class='ocrx_word' id='word_1_185' title='bbox 313 1456 433 1496; x_wconf 88' lang='lat' dir='ltr'>inter</span> <span class='ocrx_word' id='word_1_186' title='bbox 454 1455 602 1496; x_wconf 89' lang='lat' dir='ltr'>Deum</span> <span class='ocrx_word' id='word_1_187' title='bbox 626 1464 672 1496; x_wconf 91' lang='lat' dir='ltr'>et</span> <span class='ocrx_word' id='word_1_188' title='bbox 691 1454 896 1496; x_wconf 84' lang='lat' dir='ltr'>homines</span> <span class='ocrx_word' id='word_1_189' title='bbox 923 1456 1165 1508; x_wconf 84' lang='lat' dir='ltr'>oportebat</span> <span class='ocrx_word' id='word_1_190' title='bbox 1188 1460 1238 1494; x_wconf 88' lang='lat' dir='ltr'>ut</span> <span class='ocrx_word' id='word_1_191' title='bbox 1254 1454 1444 1495; x_wconf 87' lang='lat' dir='ltr'>haberet</span> 
     </span>
     <span class='ocr_line' id='line_1_26' title="bbox 134 1510 1441 1566; baseline -0.003 -14"><span class='ocrx_word' id='word_1_192' title='bbox 134 1512 305 1566; x_wconf 87' lang='lat' dir='ltr'>aliquid</span> <span class='ocrx_word' id='word_1_193' title='bbox 329 1512 475 1552; x_wconf 81' lang='lat' dir='ltr'>simile</span> <span class='ocrx_word' id='word_1_194' title='bbox 494 1511 616 1561; x_wconf 89' lang='lat' dir='ltr'>Deo,</span> <span class='ocrx_word' id='word_1_195' title='bbox 650 1511 823 1564; x_wconf 87' lang='lat' dir='ltr'>aliquid</span> <span class='ocrx_word' id='word_1_196' title='bbox 841 1511 987 1552; x_wconf 88' lang='lat' dir='ltr'>simile</span> <span class='ocrx_word' id='word_1_197' title='bbox 1007 1510 1263 1551; x_wconf 89' lang='lat' dir='ltr'>hominibus</span> <span class='ocrx_word' id='word_1_198' title='bbox 1278 1541 1288 1560; x_wconf 94' lang='lat'>,</span> <span class='ocrx_word' id='word_1_199' title='bbox 1323 1522 1377 1549; x_wconf 90' lang='lat' dir='ltr'>ne</span> <span class='ocrx_word' id='word_1_200' title='bbox 1394 1511 1441 1549; x_wconf 90' lang='lat' dir='ltr'>in</span> 
     </span>
     <span class='ocr_line' id='line_1_27' title="bbox 132 1566 1442 1620; baseline -0.004 -12"><span class='ocrx_word' id='word_1_201' title='bbox 132 1573 327 1620; x_wconf 88' lang='lat' dir='ltr'>utroque</span> <span class='ocrx_word' id='word_1_202' title='bbox 353 1566 608 1608; x_wconf 89' lang='lat' dir='ltr'>hominibus</span> <span class='ocrx_word' id='word_1_203' title='bbox 628 1567 788 1607; x_wconf 88' lang='lat' dir='ltr'>similis</span> <span class='ocrx_word' id='word_1_204' title='bbox 807 1567 944 1620; x_wconf 85' lang='lat' dir='ltr'>longe</span> <span class='ocrx_word' id='word_1_205' title='bbox 966 1571 1090 1607; x_wconf 85' lang='lat' dir='ltr'>esset</span> <span class='ocrx_word' id='word_1_206' title='bbox 1105 1579 1132 1606; x_wconf 86' lang='lat' dir='ltr'>a</span> <span class='ocrx_word' id='word_1_207' title='bbox 1146 1566 1269 1615; x_wconf 85' lang='lat' dir='ltr'>Deo,</span> <span class='ocrx_word' id='word_1_208' title='bbox 1302 1571 1380 1604; x_wconf 86' lang='lat' dir='ltr'>aut</span> <span class='ocrx_word' id='word_1_209' title='bbox 1396 1566 1442 1603; x_wconf 89' lang='lat' dir='ltr'>in</span> 
     </span>
     <span class='ocr_line' id='line_1_28' title="bbox 130 1621 1440 1676; baseline -0.003 -13"><span class='ocrx_word' id='word_1_210' title='bbox 130 1628 325 1676; x_wconf 84' lang='lat' dir='ltr'>utroque</span> <span class='ocrx_word' id='word_1_211' title='bbox 342 1622 442 1663; x_wconf 86' lang='lat' dir='ltr'>Deo</span> <span class='ocrx_word' id='word_1_212' title='bbox 463 1623 623 1663; x_wconf 86' lang='lat' dir='ltr'>similis</span> <span class='ocrx_word' id='word_1_213' title='bbox 643 1623 780 1676; x_wconf 82' lang='lat' dir='ltr'>longe</span> <span class='ocrx_word' id='word_1_214' title='bbox 801 1629 923 1662; x_wconf 88' lang='lat' dir='ltr'>esset</span> <span class='ocrx_word' id='word_1_215' title='bbox 941 1622 995 1662; x_wconf 90' lang='lat' dir='ltr'>ab</span> <span class='ocrx_word' id='word_1_216' title='bbox 1015 1621 1286 1670; x_wconf 86' lang='lat' dir='ltr'>hominibus,</span> <span class='ocrx_word' id='word_1_217' title='bbox 1305 1626 1440 1673; x_wconf 84' lang='lat' dir='ltr'>atque</span> 
     </span>
     <span class='ocr_line' id='line_1_29' title="bbox 132 1676 1441 1730; baseline -0.004 -11"><span class='ocrx_word' id='word_1_218' title='bbox 132 1679 198 1719; x_wconf 90' lang='lat' dir='ltr'>ita</span> <span class='ocrx_word' id='word_1_219' title='bbox 213 1678 438 1718; x_wconf 86' lang='lat' dir='ltr'>mediator</span> <span class='ocrx_word' id='word_1_220' title='bbox 455 1691 545 1718; x_wconf 92' lang='lat' dir='ltr'>non</span> <span class='ocrx_word' id='word_1_221' title='bbox 563 1683 699 1719; x_wconf 89' lang='lat' dir='ltr'>esset.</span> <span class='ocrx_word' id='word_1_222' title='bbox 754 1677 916 1718; x_wconf 84' lang='lat' dir='ltr'>Fallax</span> <span class='ocrx_word' id='word_1_223' title='bbox 932 1679 1086 1730; x_wconf 88' lang='lat' dir='ltr'>itaque</span> <span class='ocrx_word' id='word_1_224' title='bbox 1102 1677 1182 1716; x_wconf 92' lang='lat' dir='ltr'>ille</span> <span class='ocrx_word' id='word_1_225' title='bbox 1200 1676 1441 1724; x_wconf 90' lang='lat' dir='ltr'>mediator,</span> 
     </span>
     <span class='ocr_line' id='line_1_30' title="bbox 136 1732 1441 1787; baseline -0.003 -13"><span class='ocrx_word' id='word_1_226' title='bbox 136 1746 224 1787; x_wconf 88' lang='lat' dir='ltr'>quo</span> <span class='ocrx_word' id='word_1_227' title='bbox 248 1746 330 1786; x_wconf 87' lang='lat' dir='ltr'>per</span> <span class='ocrx_word' id='word_1_228' title='bbox 350 1739 531 1774; x_wconf 86' lang='lat' dir='ltr'>secreta</span> <span class='ocrx_word' id='word_1_229' title='bbox 549 1734 722 1774; x_wconf 83' lang='lat' dir='ltr'>iudicia</span> <span class='ocrx_word' id='word_1_230' title='bbox 745 1738 822 1773; x_wconf 87' lang='lat' dir='ltr'>tua</span> <span class='ocrx_word' id='word_1_231' title='bbox 843 1733 1056 1785; x_wconf 88' lang='lat' dir='ltr'>superbia</span> <span class='ocrx_word' id='word_1_232' title='bbox 1072 1737 1324 1772; x_wconf 89' lang='lat' dir='ltr'>mereretur</span> <span class='ocrx_word' id='word_1_233' title='bbox 1342 1732 1441 1771; x_wconf 92' lang='lat' dir='ltr'>illu-</span> 
     </span>
     <span class='ocr_line' id='line_1_31' title="bbox 137 1787 1440 1840; baseline -0.002 -11"><span class='ocrx_word' id='word_1_234' title='bbox 137 1790 200 1829; x_wconf 88' lang='lat' dir='ltr'>di:</span> <span class='ocrx_word' id='word_1_235' title='bbox 232 1789 412 1838; x_wconf 90' lang='lat' dir='ltr'>„Unum</span> <span class='ocrx_word' id='word_1_236' title='bbox 433 1801 534 1829; x_wconf 85' lang='lat' dir='ltr'>cum</span> <span class='ocrx_word' id='word_1_237' title='bbox 551 1788 807 1828; x_wconf 89' lang='lat' dir='ltr'>hominibus</span> <span class='ocrx_word' id='word_1_238' title='bbox 826 1787 983 1837; x_wconf 81' lang='lat' dir='ltr'>habet,</span> <span class='ocrx_word' id='word_1_239' title='bbox 1008 1788 1055 1827; x_wconf 86' lang='lat' dir='ltr'>id</span> <span class='ocrx_word' id='word_1_240' title='bbox 1075 1793 1163 1837; x_wconf 86' lang='lat' dir='ltr'>est,</span> <span class='ocrx_word' id='word_1_241' title='bbox 1184 1792 1440 1840; x_wconf 84' lang='lat' dir='ltr'>peceatum3</span> 
     </span>
     <span class='ocr_line' id='line_1_32' title="bbox 137 1843 1439 1896; baseline -0.002 -12"><span class='ocrx_word' id='word_1_242' title='bbox 137 1844 261 1884; x_wconf 84' lang='lat' dir='ltr'>aliud</span> <span class='ocrx_word' id='word_1_243' title='bbox 291 1844 437 1883; x_wconf 88' lang='lat' dir='ltr'>videri</span> <span class='ocrx_word' id='word_1_244' title='bbox 470 1844 567 1884; x_wconf 86' lang='lat' dir='ltr'>vult</span> <span class='ocrx_word' id='word_1_245' title='bbox 597 1843 764 1885; x_wconf 87' lang='lat' dir='ltr'>habere</span> <span class='ocrx_word' id='word_1_246' title='bbox 797 1856 898 1883; x_wconf 86' lang='lat' dir='ltr'>eum</span> <span class='ocrx_word' id='word_1_247' title='bbox 928 1843 1050 1893; x_wconf 91' lang='lat' dir='ltr'>Deo,</span> <span class='ocrx_word' id='word_1_248' title='bbox 1083 1848 1133 1883; x_wconf 89' lang='lat' dir='ltr'>ut</span> <span class='ocrx_word' id='word_1_249' title='bbox 1159 1844 1265 1896; x_wconf 87' lang='lat' dir='ltr'>quia</span> <span class='ocrx_word' id='word_1_250' title='bbox 1293 1843 1439 1882; x_wconf 81' lang='lat' dir='ltr'>carnis</span> 
     </span>
     <span class='ocr_line' id='line_1_33' title="bbox 135 1899 1440 1952; baseline -0.002 -13"><span class='ocrx_word' id='word_1_251' title='bbox 135 1899 415 1940; x_wconf 86' lang='lat' dir='ltr'>mortalitate</span> <span class='ocrx_word' id='word_1_252' title='bbox 434 1912 523 1939; x_wconf 88' lang='lat' dir='ltr'>non</span> <span class='ocrx_word' id='word_1_253' title='bbox 550 1900 743 1952; x_wconf 86' lang='lat' dir='ltr'>tegitur,</span> <span class='ocrx_word' id='word_1_254' title='bbox 778 1911 858 1952; x_wconf 89' lang='lat' dir='ltr'>pro</span> <span class='ocrx_word' id='word_1_255' title='bbox 878 1900 1123 1939; x_wconf 83' lang='lat' dir='ltr'>immortali</span> <span class='ocrx_word' id='word_1_256' title='bbox 1152 1912 1199 1939; x_wconf 87' lang='lat' dir='ltr'>se</span> <span class='ocrx_word' id='word_1_257' title='bbox 1221 1902 1440 1946; x_wconf 81' lang='lat' dir='ltr'>ostentet3</span> 
     </span>
     <span class='ocr_line' id='line_1_34' title="bbox 138 1952 1445 2008; baseline -0.004 -13"><span class='ocrx_word' id='word_1_258' title='bbox 138 1956 219 1996; x_wconf 82' lang='lat' dir='ltr'>sed</span> <span class='ocrx_word' id='word_1_259' title='bbox 254 1955 361 2008; x_wconf 84' lang='lat' dir='ltr'>quia</span> <span class='ocrx_word' id='word_1_260' title='bbox 392 1955 665 2007; x_wconf 90' lang='lat' dir='ltr'>stipendium</span> <span class='ocrx_word' id='word_1_261' title='bbox 698 1955 872 2006; x_wconf 84' lang='lat' dir='ltr'>peccati</span> <span class='ocrx_word' id='word_1_262' title='bbox 906 1967 1028 1994; x_wconf 85' lang='lat' dir='ltr'>mors</span> <span class='ocrx_word' id='word_1_263' title='bbox 1065 1960 1153 2004; x_wconf 85' lang='lat' dir='ltr'>est,</span> <span class='ocrx_word' id='word_1_264' title='bbox 1188 1953 1275 1993; x_wconf 84' lang='lat' dir='ltr'>hoc</span> <span class='ocrx_word' id='word_1_265' title='bbox 1309 1952 1445 1992; x_wconf 85' lang='lat' dir='ltr'>habet</span> 
     </span>
     <span class='ocr_line' id='line_1_35' title="bbox 141 2009 1445 2059; baseline -0.003 -8"><span class='ocrx_word' id='word_1_266' title='bbox 141 2022 374 2051; x_wconf 83' lang='lat' dir='ltr'>commune</span> <span class='ocrx_word' id='word_1_267' title='bbox 405 2023 505 2051; x_wconf 89' lang='lat' dir='ltr'>cum</span> <span class='ocrx_word' id='word_1_268' title='bbox 525 2009 804 2059; x_wconf 89' lang='lat' dir='ltr'>hominibus,</span> <span class='ocrx_word' id='word_1_269' title='bbox 838 2011 956 2050; x_wconf 88' lang='lat' dir='ltr'>unde</span> <span class='ocrx_word' id='word_1_270' title='bbox 982 2011 1117 2050; x_wconf 86' lang='lat' dir='ltr'>simul</span> <span class='ocrx_word' id='word_1_271' title='bbox 1143 2010 1377 2049; x_wconf 84' lang='lat' dir='ltr'>damnetur</span> <span class='ocrx_word' id='word_1_272' title='bbox 1399 2010 1445 2048; x_wconf 91' lang='lat' dir='ltr'>in</span> 
     </span>
     <span class='ocr_line' id='line_1_36' title="bbox 141 2067 388 2106; baseline -0.008 0"><span class='ocrx_word' id='word_1_273' title='bbox 141 2067 388 2106; x_wconf 80' lang='lat' dir='ltr'>mortem.“</span> 
     </span>
    </p>

    <p class='ocr_par' dir='ltr' id='par_1_4' title="bbox 139 2120 1447 2226">
     <span class='ocr_line' id='line_1_37' title="bbox 223 2120 1447 2172; baseline -0.002 -12"><span class='ocrx_word' id='word_1_274' title='bbox 223 2122 269 2162; x_wconf 86' lang='lat' dir='ltr'>C.</span> <span class='ocrx_word' id='word_1_275' title='bbox 294 2120 454 2161; x_wconf 85' lang='lat' dir='ltr'>XLIII.</span> <span class='ocrx_word' id='word_1_276' title='bbox 512 2120 666 2162; x_wconf 78' lang='lat' dir='ltr'>verax</span> <span class='ocrx_word' id='word_1_277' title='bbox 683 2126 832 2160; x_wconf 85' lang='lat' dir='ltr'>autem</span> <span class='ocrx_word' id='word_1_278' title='bbox 849 2121 1093 2169; x_wconf 80' lang='lat' dir='ltr'>mediator,</span> <span class='ocrx_word' id='word_1_279' title='bbox 1119 2131 1250 2172; x_wconf 92' lang='lat' dir='ltr'>quem</span> <span class='ocrx_word' id='word_1_280' title='bbox 1268 2124 1447 2158; x_wconf 79' lang='lat' dir='ltr'>secreta</span> 
     </span>
     <span class='ocr_line' id='line_1_38' title="bbox 139 2173 1446 2226; baseline -0.003 -10"><span class='ocrx_word' id='word_1_281' title='bbox 139 2182 218 2216; x_wconf 80' lang='lat' dir='ltr'>tua</span> <span class='ocrx_word' id='word_1_282' title='bbox 233 2177 549 2218; x_wconf 79' lang='lat' dir='ltr'>misericordia</span> <span class='ocrx_word' id='word_1_283' title='bbox 569 2177 890 2221; x_wconf 81' lang='lat' dir='ltr'>demonstrasti</span> <span class='ocrx_word' id='word_1_284' title='bbox 910 2175 1172 2226; x_wconf 78' lang='lat' dir='ltr'>humilibus,</span> <span class='ocrx_word' id='word_1_285' title='bbox 1205 2180 1249 2215; x_wconf 84' lang='lat' dir='ltr'>et</span> <span class='ocrx_word' id='word_1_286' title='bbox 1266 2173 1446 2224; x_wconf 81' lang='lat' dir='ltr'>misisti,</span> 
     </span>
    </p>
   </div>
  </div>
 </body>
</html>
