1473 2443
109 157 163 196 {4-
391 154 667 196 AURELII
697 153 1066 197 AUGUSTINI

79 253 264 296 gravem
285 243 540 293 torporem,
564 251 620 280 ne
645 239 693 280 in
716 240 808 281 ima
828 252 1143 294 vergeremus3
1176 243 1222 279 et
1239 251 1396 280 accen-

80 298 247 338 debant
272 308 356 336 nos
383 295 554 345 valide,
580 300 631 335 ut
655 297 800 337 omnis
826 309 882 337 ex
907 298 1064 351 lingua
1082 295 1276 336 subdola
1293 308 1396 336 con-

76 352 365 393 tradictionis
383 350 516 392 ssatus
534 350 810 393 inflammare
829 365 912 392 nos
932 353 1080 393 acrius
1098 356 1279 406 posset,
1306 363 1399 392 non

82 411 389 461 exstinguere.
407 407 578 448 Verum
589 413 740 449 tamen
760 409 863 462 quia
876 413 1063 461 propter
1075 420 1241 448 nomen
1255 413 1397 455 tuum,

82 464 203 518 quod
218 464 517 504 sanctificasti
532 476 614 518 per
630 469 790 515 terras,
808 467 942 505 etiam
961 465 1224 505 laudatores
1241 463 1399 516 utique

80 519 272 560 haberet
289 525 444 560 votum
464 525 509 560 et
526 522 809 574 propositum
824 526 1029 561 nostrum
1042 551 1052 571 ‚
1078 520 1325 561 iactantiae
1343 518 1401 559 si-

81 577 187 616 mile
207 576 459 626 videbatur,
478 589 568 616 non
588 577 787 630 opperiri
803 581 896 617 tam
912 577 1166 630 proximum
1184 575 1404 616 feriarum

81 641 273 686 tempus,
291 632 374 673 sed
389 632 442 671 de
460 632 641 684 publica
654 633 943 686 professione
963 638 1097 686 atque
1117 637 1220 672 ante
1241 631 1402 671 oculos

86 689 285 728 omnium
317 690 405 729 sita
428 694 530 728 ante
559 688 813 739 discedere,
846 693 897 729 ut
919 701 1140 729 conversa
1162 689 1209 728 in
1231 686 1403 727 factum

81 757 230 784 meum
250 756 330 784 ora
349 750 612 784 cunctorum
628 746 899 785 intuentium
910 776 920 795 ,
948 757 1081 799 quam
1096 745 1294 785 vicinum
1309 744 1402 783 vin-

85 799 345 840 demialium
378 801 497 840 diem
530 802 796 853 praevenire
834 802 1077 851 voluerim,
1108 800 1251 841 multa
1283 799 1404 839 dice-

82 860 205 906 rent,
226 856 347 909 quod
366 857 494 909 quasi
514 856 791 910 adpetissem
807 870 998 911 magnus
1016 857 1176 897 videri.
1236 855 1294 895 Et
1313 866 1402 909 quo

82 911 193 951 mihi
209 917 307 951 erat
321 912 459 962 istud,
478 917 528 952 ut
540 918 775 965 putaretur
792 918 838 954 et
856 914 1164 966 disputaretur
1182 911 1236 952 de
1253 911 1404 951 animo

82 980 201 1016 meo,
216 972 261 1007 et
276 967 670 1020 blasphemaretur
682 969 851 1009 bonum
866 969 1097 1009 nostrum?
1118 968 1235 1017 Quin
1250 967 1404 1016 etiam,

84 1023 207 1078 quod
228 1024 326 1075 ipsa
353 1028 525 1064 aestate
550 1025 756 1064 literario
780 1025 929 1065 labori
946 1026 1085 1065 nimio
1104 1024 1257 1078 pulmo
1275 1034 1403 1063 meus

85 1079 247 1120 cedere
268 1084 498 1132 coeperat,
519 1085 564 1119 et
582 1081 824 1120 difficulter
844 1079 1024 1120 trahere
1045 1080 1256 1133 suspiria,
1278 1078 1404 1118 dolo-

82 1136 299 1189 ribusque
322 1136 523 1188 pectoris
545 1137 709 1176 testari
727 1149 774 1176 se
794 1137 1020 1185 saucium,
1048 1147 1297 1189 vocemque
1318 1134 1405 1174 cla-

82 1193 253 1232 riorem
271 1192 669 1245 productioremve
688 1204 924 1241 recusare,
951 1193 1096 1245 primo
1115 1191 1405 1245 perturbave-

85 1252 157 1288 rat
196 1260 287 1296 me,
323 1248 429 1301 quia
451 1248 707 1301 magisterii
731 1249 855 1288 illius
884 1249 1107 1288 sarcinam
1139 1258 1282 1301 paene
1315 1248 1406 1286 iam

86 1304 362 1344 necessitate
383 1304 611 1361 deponere
631 1304 841 1357 cogebat,
862 1310 939 1344 aut
956 1304 996 1343 si
1015 1305 1165 1343 curari
1183 1308 1228 1343 et
1245 1314 1412 1344 conva-.

85 1359 262 1400 lescere
287 1361 561 1412 potuissem,
588 1364 710 1400 certe
728 1361 1047 1400 intermittere.
1109 1358 1201 1400 Sed
1218 1358 1294 1398 ubi
1313 1357 1406 1410 ple-

86 1428 144 1454 na
161 1416 371 1456 voluntas
390 1416 583 1456 vacandi
601 1421 646 1456 et
662 1416 865 1466 vivendi,
885 1417 1098 1469 quoniam
1115 1420 1164 1454 tu
1185 1427 1232 1454 es
1250 1413 1405 1453 Domi-

86 1485 185 1521 nus,
203 1472 366 1512 oborta
381 1470 492 1512 mihi
511 1476 581 1511 est
600 1477 735 1525 atque
755 1472 946 1520 firmata,
965 1473 1102 1521 nosti,
1120 1470 1245 1514 Deus
1265 1481 1405 1517 meus,

87 1527 224 1567 etiam
242 1527 442 1581 gaudere
466 1528 619 1582 coepi,
644 1528 767 1581 quod
784 1526 896 1568 haec
915 1539 1095 1581 quoque
1115 1527 1300 1566 suberat
1317 1536 1407 1564 non

85 1584 281 1624 mendax
305 1584 561 1634 excusatio,
588 1596 702 1637 quae
729 1582 1030 1624 offensionem
1050 1581 1280 1622 hominum
1296 1586 1406 1620 tem·

85 1644 287 1692 peraret,
324 1640 399 1693 qui
430 1645 618 1693 propter
649 1640 821 1680 liberos
856 1652 963 1679 suos
987 1651 1058 1678 me
1086 1638 1278 1678 liberum
1303 1647 1406 1675 esse

85 1708 327 1748 numquam
351 1695 580 1735 volebant.
641 1695 809 1735 Plenus
833 1696 974 1748 igitur
999 1693 1082 1734 tali
1105 1693 1273 1746 gaudio
1292 1691 1406 1732 tole-

85 1750 241 1790 rabam
258 1751 372 1791 illud
390 1752 680 1791 intervallum
696 1752 917 1803 temporis
929 1780 939 1799 ,
959 1749 1106 1789 donec
1125 1749 1405 1796 decurreret,

86 1806 244 1845 nescio
270 1812 419 1846 utrum
438 1808 511 1846 vel
528 1807 691 1860 viginti
709 1807 807 1847 dies
827 1810 976 1856 erant3
1009 1805 1091 1845 sed
1108 1809 1260 1844 tamen
1276 1802 1404 1843 forti-

86 1867 157 1900 ter
172 1863 503 1909 tolerabantur,
524 1863 630 1915 quia
646 1866 904 1902 recesserat
923 1861 1162 1914 cupiditas,
1182 1871 1297 1914 quae
1315 1870 1404 1899 me-

89 1930 189 1957 cum
213 1919 393 1958 solebat
416 1917 537 1957 ferre
563 1930 700 1970 grave
726 1919 982 1970 negotium,
1011 1922 1058 1957 et
1080 1929 1166 1970 ego
1201 1927 1403 1970 premen-

90 1973 170 2012 dus
191 1986 519 2022 remanseram,
539 1974 627 2013 nisi
645 1974 866 2026 patientia
884 1973 1164 2013 succederet.
1211 1971 1401 2012 Peccas-

89 2042 138 2069 se
166 2041 237 2069 me
263 2030 310 2069 in
336 2028 444 2079 hoc,
480 2030 717 2082 quisquam
743 2042 977 2069 servorum
1006 2036 1189 2069 tuorum
1216 2027 1407 2066 fratrum

88 2096 292 2125 meorum
325 2085 511 2135 dixerit,
552 2085 673 2138 quod
697 2085 786 2125 iam
809 2086 944 2138 pleno
973 2085 1110 2124 corde
1133 2083 1297 2123 militia
1329 2087 1407 2121 tua

88 2153 251 2194 passus
277 2153 348 2181 me
372 2140 536 2180 fuerim
560 2141 634 2180 vel
656 2153 746 2180 una
770 2139 884 2180 hora
918 2142 1077 2181 sedere
1111 2139 1157 2178 in
1190 2137 1407 2178 cathedra

89 2197 329 2237 mendacii.
388 2197 444 2236 At
463 2209 550 2250 ego
575 2209 665 2236 non
691 2197 934 2237 contendo.
995 2195 1083 2237 Sed
1111 2200 1182 2244 tu,
1209 2193 1404 2234 Domine

92 2253 542 2302 misericordissime,
584 2264 733 2293 nonne
761 2258 807 2293 et
830 2251 916 2293 hoc
933 2256 1168 2306 peceatum
1188 2263 1287 2291 cum
1306 2260 1403 2288 cae-
