1473 2443
77 130 131 171 26
381 130 675 170 AURELM
705 131 1092 172 AUGUSTINI

76 220 258 254 careret
290 220 414 254 metu
440 215 613 267 legum,
649 221 694 255 et
720 216 984 256 difficultate
1009 228 1181 265 rerum,
1215 220 1401 269 propter

74 271 278 322 inopiam
324 271 392 309 rei
432 270 672 311 familiaris
712 277 757 311 et
795 273 1121 312 conscientiam
1163 272 1397 311 scelerum.

73 325 172 366 Nec
204 327 302 378 ipse
335 326 477 378 igitur
511 326 707 366 Catilina
738 328 907 367 amavit
938 328 1146 368 facinora
1178 340 1279 379 sua3
1317 328 1396 368 sed

72 382 230 434 utique
257 382 400 428 aliud,
427 382 554 421 cuius
581 395 718 422 causa
740 383 820 422 illa
842 383 1054 424 faciebat.

158 437 204 476 C.
240 436 312 477 VI.
376 437 495 485 Quid
528 450 614 491 ego
648 439 787 478 miser
819 440 865 478 in
897 445 943 479 te
976 440 1142 488 amavi,
1178 452 1202 478 o
1227 438 1394 478 furtum

70 504 243 541 meum,
270 505 294 532 o
314 491 491 533 facinus
510 493 622 533 illud
641 506 785 534 meum
806 500 1076 535 nocturnum
1095 495 1210 534 sexti
1232 494 1393 534 decimi

71 548 178 587 anni
210 549 375 589 aetatis
407 548 563 589 meae(l
592 548 695 589 Non
729 550 848 589 enim
871 549 1114 601 pulchrum
1139 563 1262 599 eras,
1296 563 1392 589 cum

69 603 240 643 furtum
268 616 416 655 esses3
450 610 528 645 aut
551 617 658 645 vero
688 606 859 659 aliquid
882 618 952 656 es,
984 612 1035 646 ut
1058 607 1221 660 loquar
1244 607 1300 646 ad
1325 611 1369 644 te
1380 606 1393 644 ἐ’

68 658 269 699 Pulchra
287 666 416 701 erant
431 673 567 713 poma
582 661 683 710 illa,
704 673 818 714 quae
837 660 978 701 furati
995 676 1163 712 sumus,
1183 662 1392 715 quoniam

70 721 282 755 creatura
299 722 376 756 tua
394 722 538 767 erant,
558 716 862 770 pulcherrime
882 718 1095 768 omnium,
1114 718 1240 757 Deus
1258 718 1392 765 bone,

65 769 194 811 Deus
213 785 433 811 summum
452 772 639 823 bonum,
667 778 712 812 et
728 773 896 813 bonum
914 786 1068 813 verum
1087 786 1249 813 meum.
1290 772 1391 812 Pul-

68 825 178 866 chra
201 833 332 867 erant
354 828 434 867 illa
450 841 608 881 poma3
642 829 725 869 sed
742 842 831 869 non
849 829 950 881 ipsa
967 829 1227 882 concupivit
1245 829 1389 868 anima

65 895 169 922 mea
199 884 491 924 miserabilis.
553 885 665 924 Erat
690 885 809 924 enim
832 883 940 924 mihi
968 885 1209 925 meliorum
1237 885 1388 936 copia3

64 938 147 978 illa
164 944 314 978 autem
333 940 543 992 decerpsi
560 945 733 980 tantum
751 947 801 979 ut
818 939 1010 981 furarer.
1043 940 1157 981 Nam
1176 941 1390 993 decerpta

64 994 264 1046 proieci,
294 996 501 1047 epulatus
520 996 626 1036 inde
645 997 789 1036 solam
806 997 1114 1049 iniquitatem,
1148 1009 1235 1050 qua
1252 997 1390 1035 laeta-

62 1049 147 1089 bar
159 1049 329 1090 fruens.
362 1050 477 1091 Nam
497 1057 542 1091 et
560 1053 598 1091 si
617 1052 724 1106 quid
743 1053 928 1092 illorum
945 1065 1184 1105 pomorum
1204 1052 1391 1091 intravit

60 1105 109 1144 in
129 1118 179 1145 os
200 1119 364 1156 meum,
386 1108 726 1148 condimentum
743 1108 808 1147 ibi
824 1107 1003 1147 facinus
1024 1113 1135 1148 erat.
1180 1107 1240 1147 Et
1256 1119 1388 1151 nunc,

60 1158 259 1209 Domine
283 1161 409 1202 Deus
439 1176 589 1211 meus,
617 1176 803 1217 quaero,
830 1164 939 1216 quid
961 1176 1032 1203 me
1050 1165 1095 1203 in
1119 1163 1242 1203 furto
1269 1163 1388 1202 dele-

61 1218 273 1268 ctaverit3
298 1223 342 1258 et
361 1231 468 1258 ecce
488 1219 666 1272 speeies
685 1220 809 1259 nulla
827 1226 909 1259 est.
962 1219 1064 1259 Non
1084 1220 1185 1259 dico
1206 1219 1327 1258 sieut
1342 1218 1386 1257 in

60 1274 292 1326 aequitate
320 1279 455 1327 atque
481 1272 743 1327 prudentia3
777 1276 857 1315 sed
876 1287 1021 1328 neque
1040 1275 1159 1315 sicut
1172 1275 1219 1313 in
1235 1278 1387 1314 mente

58 1326 256 1369 hominis
275 1334 409 1382 atque
424 1333 646 1370 memoria
658 1336 704 1370 et
721 1331 929 1370 sensibus
950 1336 994 1370 et
1012 1335 1254 1384 vegetante
1272 1330 1387 1379 vita3

57 1396 206 1437 neque
232 1386 351 1424 sicut
373 1387 585 1438 speciosa
602 1391 707 1426 sunt
721 1386 874 1426 sidera
892 1393 937 1426 et
955 1386 1124 1427 decora
1140 1386 1257 1426 locis
1276 1385 1387 1434 suis,

59 1445 106 1480 et
136 1445 262 1480 terra
295 1446 341 1481 et
363 1454 487 1482 mare
512 1443 648 1494 plena
672 1441 898 1491 foetibus,
933 1443 1011 1495 qui
1036 1442 1288 1482 succedunt
1310 1453 1386 1480 na-

57 1496 228 1536 scendo
269 1498 621 1549 decedentibus3
659 1510 749 1537 non
783 1498 946 1538 saltem
977 1503 1028 1538 ut
1061 1503 1131 1538 est
1163 1497 1385 1550 quaedam

59 1551 289 1592 defectiva
337 1554 516 1606 species
559 1560 605 1594 et
641 1554 895 1593 umbratica
930 1554 1055 1594 vitiis
1100 1553 1382 1594 fallentibus.

57 1606 171 1647 Nam
202 1613 248 1648 et
272 1609 488 1661 superbia
513 1610 831 1649 celsitudinem
856 1610 1081 1659 imitatur3
1115 1622 1216 1649 cum
1244 1614 1294 1647 tu
1320 1608 1383 1646 sis

56 1676 171 1703 unus
206 1676 343 1716 super
367 1666 518 1705 omnia
541 1665 667 1705 Deus
694 1665 918 1705 excelsus.
977 1665 1036 1704 Et
1059 1664 1245 1704 ambitio
1273 1663 1382 1716 quid

55 1718 146 1758 nisi
178 1717 377 1760 honores
412 1721 592 1774 quaerit
624 1726 671 1760 et
703 1720 920 1774 gloriam3
961 1733 1061 1760 cum
1093 1725 1144 1759 tu
1176 1719 1238 1759 sis
1270 1730 1380 1771 prae

57 1776 232 1814 cunctis
262 1774 555 1816 honorandus
580 1789 695 1816 unus
723 1780 769 1815 et
793 1775 1025 1829 gloriosus
1049 1776 1096 1814 in
1120 1775 1383 1815 aeternum!

55 1829 115 1869 Et
131 1831 324 1871 saevitia
340 1837 618 1885 potestatum
634 1831 789 1872 timeri
804 1831 917 1871 vult:
938 1831 1038 1884 quis
1057 1836 1208 1871 autem
1222 1831 1382 1870 timen-

56 1885 156 1936 dus,
175 1887 264 1926 nisi
281 1901 395 1927 unus
413 1887 555 1937 Deus,
575 1888 702 1928 cuius
718 1887 939 1940 potestati
954 1887 1067 1939 eripi
1082 1891 1159 1927 aut
1175 1884 1380 1926 subtrahi

56 1943 163 1994 quid
195 1943 376 1996 potest‘}
407 1944 609 1996 quando,
642 1948 722 1983 aut
752 1942 849 1993 ubi,
883 1948 962 1983 aut
993 1955 1106 1996 quo,
1138 1942 1214 1983 vel
1239 1954 1266 1981 a
1290 1954 1378 1994 quo

53 1998 235 2050 potest'}
262 1999 322 2039 Et
357 1999 611 2040 blanditiae
653 1998 988 2040 lascivientium
1026 1999 1169 2038 amari
1199 1997 1378 2038 volunt:

56 2055 137 2095 sed
157 2066 302 2107 neque
319 2054 532 2095 blandius
551 2059 624 2095 est
639 2054 812 2108 aliquid
829 2059 908 2093 tua
926 2054 1138 2104 caritate,
1158 2066 1242 2093 nee
1259 2065 1378 2093 ama-

53 2116 128 2150 tur
151 2111 395 2164 quidquam
420 2110 671 2161 salubrius,
698 2122 830 2163 quam
852 2109 933 2149 illa
954 2121 1063 2162 prae
1089 2109 1264 2149 cunctis
1287 2108 1379 2148 for-

54 2179 184 2206 mosa
207 2176 253 2207 et
268 2166 496 2206 luminosa
512 2166 683 2207 veritas
704 2171 796 2206 tua.
834 2165 893 2205 Et
916 2165 1159 2205 curiositas
1179 2164 1378 2205 adfecta-

55 2236 103 2263 re
128 2224 308 2263 videtur
332 2222 532 2264 studium
559 2222 800 2273 scientiae3
834 2234 934 2261 cum
958 2226 1007 2261 tu
1032 2222 1183 2262 omnia
1206 2233 1377 2261 summe
