1514 2438
295 117 856 164 CONFESSIONUM
885 115 1101 157 LIBER
1130 114 1275 156 xiil.
1369 113 1450 153 253

203 208 249 249 C.
277 206 485 248 xxviii.
546 205 603 244 Et
625 202 790 253 fidissi,
811 201 952 252 Deus,
975 201 1136 251 ommia,
1160 198 1449 255 qzcaefecisti,

117 272 158 304 e!
176 278 271 305 ecce
292 264 404 304 bona
422 269 527 303 sant
543 261 665 302 valde
686 260 822 311 (Gen.
845 262 882 309 l,
902 260 1013 311 31.):
1035 259 1143 313 quia
1161 263 1207 297 et
1223 269 1307 297 nos
1326 256 1451 296 vide-

117 335 215 361 mus
236 333 304 371 ea,
319 327 364 360 et
382 332 489 360 ecce
511 319 662 358 omnia
676 316 960 357 bonavalde.
992 315 1041 355 In
1060 314 1255 368 singulis
1275 313 1454 367 generi-

118 378 201 417 bus
223 390 409 430 operum
429 382 627 423 tuorum,
648 387 750 414 cum
771 373 986 422 dixisses,
1000 378 1051 412 ut
1072 372 1250 420 fierent,
1272 376 1318 410 et
1331 369 1457 410 facta

121 440 296 484 essent,
316 433 431 473 illud
450 437 586 485 atque
605 431 721 471 illud
740 430 913 479 vidisti,
930 429 1037 482 quia
1054 429 1223 468 bonum
1244 432 1328 467 est.
1377 426 1455 467 Se-

120 491 239 544 pties
266 489 501 530 numeravi
527 488 748 540 scriptum
769 498 892 535 esse,
918 493 958 526 te
979 484 1150 534 vidisse,
1174 483 1277 538 qnia
1298 483 1456 523 bonnm

122 553 204 596 est,
242 546 365 600 quod
397 545 573 595 fecisti3
608 549 655 584 et
691 542 780 583 hoc
815 549 1025 582 octavum
1059 546 1150 591 est,
1188 539 1289 595 quia
1313 538 1461 579 vidisti

123 602 283 651 omnia,
300 600 595 657 qaaesecisti:
616 607 659 640 et
676 613 772 640 ecce
786 612 877 639 non
895 599 1043 639 solum
1061 599 1198 646 bona,
1219 597 1300 637 sed
1320 597 1459 636 etiam

121 659 243 699 valde
263 659 390 708 hona,
410 665 643 712 tamquam
662 656 799 697 simul
817 656 983 696 omnia.
1026 654 1141 695 Nam
1160 653 1343 707 singula
1358 657 1457 692 tan-

120 721 217 756 tum
241 716 365 756 bona
383 720 532 764 erant,
561 713 697 754 simul
716 718 868 752 autem
887 712 1040 752 omnia
1058 716 1103 751 et
1123 710 1235 751 bona
1255 714 1301 750 et
1321 708 1454 749 valde.

121 771 228 813 Hoc
247 772 404 813 dicunt
423 771 562 811 etiam
581 782 789 824 quaeque
808 768 1001 822 pulchra
1019 766 1344 820 corpora‚quia
1360 765 1458 806 lon-

125 841 183 884 ge
201 828 346 869 multo
368 826 604 882 pulchrius
625 831 696 866 est
715 826 1033 879 corpus,quod
1053 837 1109 864 ex
1128 823 1344 864 membris
1362 821 1459 875 pul-

123 885 244 926 chris
270 885 479 925 omnibus
514 887 714 933 constat,
749 895 882 936 quam
906 883 1008 936 ipsa
1030 880 1234 921 membra
1260 879 1458 932 singula,

123 954 315 996 quorum
350 940 694 981 ordinatissimo
730 944 959 979 conventu
994 938 1249 991 completur
1281 938 1460 976 univer-

124 1012 238 1047 sum,
260 997 463 1051 quamvis
485 1002 531 1036 et
548 997 629 1036 illa
649 996 788 1036 etiam
807 995 1079 1048 singillatim
1096 992 1289 1047 pulchra
1307 993 1411 1032 sint.

211 1055 259 1095 C.
285 1053 451 1093 XXIX.
514 1053 571 1092 Et
596 1052 804 1102 adtendi,
838 1058 888 1091 ut
911 1051 1185 1100 invenirem,
1216 1056 1365 1089 utrum
1390 1060 1458 1088 se-

121 1111 241 1165 pties
275 1110 350 1150 vel
383 1111 528 1150 octies
569 1109 760 1159 videris,
796 1109 903 1162 quia
924 1109 1047 1148 bona
1071 1112 1176 1147 sunt
1202 1118 1344 1160 opera
1365 1110 1459 1153 tua,

125 1181 226 1208 cum
258 1167 345 1208 tibi
375 1167 664 1220 placuerunt:
706 1171 751 1205 et
781 1165 827 1204 in
859 1170 939 1204 tua
969 1165 1148 1204 visione
1181 1176 1273 1203 non
1306 1161 1462 1201 inveni

122 1233 351 1279 tempora,
375 1235 458 1278 per
481 1235 595 1276 quae
613 1222 944 1274 intelligerem,
971 1222 1094 1274 quod
1112 1220 1253 1259 toties
1273 1218 1461 1264 videris,

125 1294 242 1335 quae
264 1280 434 1320 fecisti.
494 1279 552 1319 Et
578 1279 694 1319 dixi:
728 1278 799 1327 „O
827 1277 1046 1326 Domine,
1072 1288 1222 1315 nonne
1242 1275 1333 1314 ista
1352 1273 1462 1313 scri-

122 1345 259 1392 ptura
274 1342 355 1376 tua
371 1348 482 1376 vera
500 1342 589 1384 est,
610 1335 825 1387 quoniam
842 1339 911 1382 tu,
932 1344 1072 1373 verax
1091 1337 1135 1371 et
1152 1331 1324 1371 veritas
1337 1361 1347 1380 ‚
1369 1329 1462 1369 edi-

126 1394 235 1435 disti
269 1391 394 1432 eamQ
426 1392 517 1430 Cur
551 1403 662 1444 ergo
686 1395 737 1430 tu
759 1387 871 1429 mihi
897 1389 1034 1438 dicis,
1068 1401 1159 1427 non
1184 1399 1287 1427 esse
1311 1388 1358 1426 in
1382 1391 1463 1426 tua

124 1452 304 1490 risione
323 1454 554 1501 tempora3
588 1453 634 1487 et
649 1448 741 1487 ista
759 1446 986 1498 scriptura
1002 1450 1082 1484 tua
1098 1443 1206 1484 mihi
1228 1443 1355 1492 dicit,
1382 1455 1464 1496 per

127 1505 336 1560 singulos
371 1505 469 1544 dies
506 1515 560 1543 ea
589 1515 704 1558 quae
730 1501 889 1542 fecisti
912 1507 957 1541 te
983 1500 1176 1550 vidisse,
1212 1500 1319 1554 quia
1340 1500 1464 1540 bona

128 1562 259 1603 sunt‘}
327 1561 386 1601 Et
418 1573 519 1601 cum
545 1572 600 1600 ea
622 1571 928 1607 numerarem,
961 1557 1117 1597 inveni
1140 1557 1373 1610 quoties.‚‚
1397 1556 1464 1596 Ad

128 1618 243 1660 haec
265 1624 316 1658 tu
342 1618 457 1658 dieis
484 1615 614 1666 mihi,
642 1617 857 1670 quoniam
875 1620 927 1655 tu
944 1626 992 1654 es
1012 1613 1138 1653 Deus
1157 1625 1307 1662 meus,
1333 1619 1379 1652 et
1400 1612 1463 1652 di-

128 1677 192 1716 cis
225 1687 339 1715 voce
373 1673 488 1714 forti
512 1674 557 1712 in
583 1685 691 1712 aure
714 1672 938 1711 interiore
964 1682 1097 1710 servo
1122 1676 1227 1720 tuo,
1261 1681 1463 1722 perrum-

124 1745 238 1787 pens
261 1744 410 1771 meam
429 1730 721 1779 surditatem,
746 1733 792 1768 et
810 1728 1030 1768 clamans:
1064 1726 1135 1777 „0
1157 1725 1315 1776 homo,
1341 1738 1463 1765 nem-

126 1801 182 1843 pe
217 1789 337 1841 quod
374 1787 602 1839 scriptura
635 1798 738 1825 mea
761 1785 893 1835 dicit,
933 1796 1020 1837 ego
1049 1784 1168 1824 dico.
1228 1782 1288 1822 Et
1310 1788 1463 1822 tamen

127 1845 210 1885 illa
227 1843 545 1896 temporaliter
564 1842 690 1892 dicit,
707 1840 861 1882 Verbo
881 1846 1034 1880 autem
1053 1852 1155 1880 meo
1174 1844 1353 1891 tempus
1372 1850 1463 1878 non

129 1900 319 1948 accidit,
356 1899 462 1952 quia
495 1899 678 1952 aequali
712 1910 891 1938 meeum
924 1897 1198 1937 aeternitate
1233 1895 1462 1935 consistit.

131 1957 207 1998 Sic
233 1969 308 2005 ea,
335 1968 449 2009 quae
478 1967 559 1994 vos
584 1967 665 2007 per
683 1954 893 2007 spiritum
910 1965 1061 1993 meum
1078 1952 1267 2002 videtis,
1294 1963 1381 2004 ego
1400 1951 1463 1990 vi-

130 2014 237 2063 deo3
272 2012 390 2051 siout
424 2024 497 2060 ea,
533 2023 648 2063 quae
672 2024 754 2051 vos
782 2023 865 2064 per
887 2009 1096 2063 spiritum
1119 2021 1270 2048 meum
1294 2007 1463 2056 dicitis,

130 2082 217 2123 ego
244 2069 362 2108 dico.
422 2067 569 2120 Atque
595 2069 659 2107 ita
680 2081 781 2108 cum
800 2079 881 2107 vos
899 2065 1219 2119 temporaliter
1239 2076 1294 2104 ea
1310 2064 1464 2104 videa-

129 2126 203 2175 tis,
224 2138 313 2164 non
334 2136 420 2175 ego
439 2123 757 2175 temporaliter
775 2136 830 2163 ea
845 2123 1030 2163 vide‹›.“

217 2181 264 2220 C.
293 2179 440 2219 XXX.
501 2179 558 2218 Et
577 2179 744 2229 audivi,
762 2179 960 2219 Domine
979 2178 1105 2217 Deus
1124 2188 1268 2226 meus,
1289 2182 1335 2216 et
1354 2176 1464 2215 elin-

131 2237 179 2279 xi
213 2236 383 2276 stillam
420 2234 675 2276 dulcedinis
710 2248 767 2276 ex
799 2241 880 2276 tua
908 2235 1122 2280 veritate,
1160 2238 1206 2272 et
1235 2233 1464 2283 intellexi3
