1473 2443
55 108 148 144 420
393 104 662 147 AURELII
690 105 1056 151 AUGUSTINI

68 201 168 243 que
187 188 599 243 distinguerem,
619 190 743 243 quid
763 191 1219 236 interessetinter
1235 205 1379 248 prae-

66 246 425 297 sumptionem
448 250 500 285 et
521 245 938 299 confessionem,
967 249 1110 290 inter
1135 249 1377 290 videntes

66 313 167 353 quo
187 301 411 340 eundum
433 303 517 351 sit,
537 313 632 342 nec
655 303 904 344 videntes
929 316 1042 358 qua,
1064 309 1114 345 et
1136 307 1272 346 viam
1293 305 1377 346 du-

66 360 270 397 centem
287 356 350 396 ad
366 357 393 396 b
406 357 685 398 eatificam
700 361 923 412 patriam
937 372 1039 400 non
1055 366 1202 401 tantu
1215 375 1256 401 m
1274 373 1379 402 eer-

65 412 311 462 nendam‚
342 413 435 452 sed
459 416 510 453 et
534 412 899 455 habitandamtt
928 414 1042 456 Nam
1059 418 1098 457 si
1117 418 1261 471 primo
1281 429 1379 457 san-

66 469 150 507 ctis
168 468 259 507 tuis
270 467 700 510 literisinformatus
719 482 882 521 essem,
894 476 939 511 et
955 473 1002 511 in
1022 484 1175 512 earum
1190 471 1380 512 familia-

60 525 201 563 ritate
229 524 545 565 obdulcuisses
570 523 678 565 mihi
693 556 703 575 ‚
730 530 775 565 et
798 531 960 580 postea
984 529 1031 567 in
1055 528 1136 568 illa
1153 528 1382 568 volumina

63 579 343 629 incidissem,
355 578 554 621 fortasse
566 585 644 620 aut
657 581 963 634 abripuissent
979 595 1049 622 me
1067 596 1094 623 a
1111 584 1381 623 solidamen-

64 640 113 673 to
133 635 339 687 pietatis3
370 641 447 675 aut
464 637 503 677 si
519 637 565 676 in
584 635 781 687 adfectu,
802 650 934 691 quem
952 639 1178 679 salubrem
1193 640 1381 679 imbibe-

63 702 181 740 ram,
206 693 532 744 perstitissem,
556 696 763 745 putarem
787 694 923 733 etiam
950 705 1007 734 ex
1021 694 1113 734 illis
1130 694 1260 735 libris
1280 706 1382 734 cum

62 758 201 797 posse
220 747 413 799 concipi,
433 750 473 788 si
491 760 570 787 eos
591 748 716 788 solos
737 750 971 802 quisquam
991 749 1241 790 didicisset.

150 802 197 841 C.
225 801 347 842 XXI.
408 803 563 856 Itaque
588 804 849 844 avidissime
875 804 1052 858 adripui
1073 806 1381 846 venerabilem

65 857 219 896 stilum
245 858 430 911 spiritus
453 860 540 908 tui,
568 864 614 899 et
634 871 742 912 prae
767 861 961 900 caeteris
984 862 1242 914 apostolum
1268 860 1381 901 Pau-

63 912 170 952 lum.
229 913 288 952 Et
306 916 540 966 perierunt
557 915 663 954 illae
684 916 1000 968 quaestiones,
1024 919 1071 957 in
1090 917 1252 971 quibus
1271 915 1382 956 mihi

65 969 309 1020 aliquando
335 971 457 1009 visus
479 975 549 1010 est
566 970 799 1010 adversari
817 972 926 1021 sibi,
955 977 1000 1011 et
1017 985 1108 1012 non
1128 984 1381 1026 congruere

60 1025 340 1064 testimoniis
382 1025 498 1078 legis
534 1031 580 1065 et
619 1024 943 1078 prophetarum
971 1032 1125 1068 textus
1159 1029 1381 1068 sermonis

64 1079 177 1119 eius.
230 1079 290 1119 Et
307 1081 516 1132 adparuit
532 1080 642 1121 mihi
660 1094 748 1120 una
765 1080 907 1122 facies
927 1083 1215 1136 eloquiorum
1233 1088 1381 1123 casto-

62 1146 184 1184 rum,
210 1140 255 1175 et
277 1136 508 1175 exsultare
534 1150 635 1176 cum
651 1141 850 1176 tremore
869 1138 1022 1178 didici.
1082 1138 1140 1178 Et
1157 1139 1310 1191 coepi,
1336 1146 1381 1178 et

62 1192 238 1241 inveni,
269 1192 487 1245 quidquid
504 1192 610 1232 illac
627 1204 782 1232 verum
799 1193 1021 1247 legeram,
1042 1192 1125 1234 hac
1144 1207 1243 1234 cum
1262 1206 1380 1234 com·

62 1246 354 1286 mendatione
381 1249 556 1300 gratiae
582 1255 689 1287 tuae
716 1248 827 1298 dici,
851 1253 901 1288 ut
934 1249 1010 1302 qui
1034 1249 1180 1299 videt,
1204 1262 1293 1289 non
1314 1251 1379 1289 sic

62 1302 310 1354 glorietur,
337 1303 465 1356 quasi
488 1315 578 1342 non
602 1304 852 1356 acceperit,
878 1317 970 1344 non
993 1305 1141 1344 solum
1157 1305 1225 1354 id,
1259 1304 1382 1357 quod

60 1358 207 1406 videt,
234 1359 315 1397 sed
334 1359 471 1398 etiam
488 1363 537 1398 ut
553 1359 840 1413 videat(quid
858 1360 978 1400 enim
995 1358 1133 1401 habet
1151 1360 1270 1413 quod
1289 1372 1380 1399 non

60 1414 282 1465 accepist)
311 1419 356 1453 et
373 1419 421 1454 ut
438 1418 500 1463 te,
520 1414 596 1467 qui
616 1427 663 1454 es
682 1427 862 1469 semper
876 1415 1012 1466 idem,
1031 1428 1121 1455 non
1140 1416 1289 1455 solum
1304 1415 1379 1455 ad-

60 1475 315 1519 moneatur,
334 1474 382 1509 ut
400 1470 566 1519 videat,
586 1471 668 1511 sed
685 1471 823 1511 etiam
840 1476 1025 1512 sanetur
1041 1477 1090 1512 ut
1106 1476 1277 1513 teneat.
1321 1472 1381 1511 Et

63 1525 141 1578 qui
164 1525 218 1564 de
236 1525 486 1579 longinquo
503 1526 659 1566 videre
677 1539 768 1566 non
785 1532 960 1579 potest,
985 1528 1105 1568 viam
1119 1532 1270 1568 tamen
1288 1540 1378 1568 am-

61 1580 208 1629 bulet,
234 1594 322 1634 qua
350 1582 499 1621 veniat
525 1586 570 1621 et
587 1582 741 1622 videat
762 1587 807 1622 et
822 1587 996 1633 teneat3
1029 1583 1134 1636 quia
1153 1587 1198 1623 et
1214 1583 1253 1623 si
1272 1595 1377 1624 con-

64 1636 323 1676 delectetur
349 1635 485 1676 homo
509 1637 606 1690 legi
626 1637 717 1678 Dei
741 1638 987 1678 secundum
1008 1639 1276 1678 interiorem
1298 1636 1377 1678 ho-

61 1691 360 1744 minem,*quid
375 1692 515 1733 faciet
529 1692 584 1732 de
602 1693 693 1732 alia
710 1693 813 1746 lege
831 1694 878 1732 in
894 1694 1106 1733 membris
1125 1694 1376 1747 suis‚repu-

61 1752 229 1798 gnante
254 1747 348 1800 legi
372 1748 537 1787 mentis
564 1760 695 1798 suae,
723 1753 768 1788 et
793 1760 842 1788 se
867 1749 1094 1801 captivum
1118 1749 1311 1790 ducente
1330 1749 1377 1788 in

59 1802 164 1854 lege
198 1805 395 1855 peccati,
432 1815 545 1857 quae
579 1808 650 1844 est
674 1805 722 1843 in
753 1804 965 1844 membris
994 1803 1119 1844 eius'.l
1151 1804 1377 1853 Quoniam

58 1857 206 1898 iustus
227 1870 289 1907 es,
308 1857 519 1908 Domine,
542 1871 626 1898 nos
645 1863 794 1899 autem
811 1860 1120 1912 peccavimus,
1138 1861 1292 1914 inique
1312 1859 1375 1899 fe-

62 1913 220 1963 cimus,
239 1913 394 1966 inique
413 1914 651 1967 gessimus,
672 1919 717 1953 et
737 1919 926 1967 gravata
943 1919 1013 1955 est
1030 1927 1167 1969 super
1182 1928 1266 1955 nos
1285 1928 1375 1955 ma-

61 1981 145 2008 nus
177 1972 278 2017 tua,
314 1973 360 2008 et
392 1971 511 2009 iuste
542 1969 703 2009 traditi
736 1983 888 2010 sumus
921 1971 1108 2024 antiquo
1141 1971 1375 2024 peccatori

59 2025 324 2077 praeposito
349 2025 530 2075 mortis3
563 2025 668 2078 quia
690 2026 918 2078 persuasit
939 2026 1165 2067 voluntati
1187 2032 1373 2066 nostrae

60 2080 405 2120 similitudinem
436 2080 685 2120 voluntatis
721 2093 850 2131 suae,
884 2094 971 2134 qua
1000 2081 1048 2122 in
1078 2081 1272 2121 veritate
1296 2086 1375 2122 tua

58 2147 151 2175 non
169 2136 312 2176 stetit.
374 2135 494 2184 Quid
510 2135 650 2176 faciet
666 2136 803 2176 miser
821 2135 983 2177 homo?
1015 2137 1125 2185 Quis
1145 2149 1246 2177 eum
1262 2137 1353 2177 libe

57 2192 178 2232 rabit
210 2192 264 2232 de
298 2204 491 2244 corpore
523 2192 684 2233 mortis
719 2191 873 2243 huius,
905 2193 993 2233 nisi
1017 2193 1168 2246 gratia
1190 2198 1269 2233 tua
1293 2204 1374 2246 per
