1514 2438
264 114 798 158 CONFESSIONUM
828 116 1039 160 LIBER
1067 118 1143 162 IV.
1316 121 1368 162 (il

41 205 88 240 et
110 199 371 241 nesciebam
397 199 512 240 unde
543 206 687 251 esset,
714 202 935 256 quidquid
951 203 1016 245 ibi
1032 217 1189 246 verum
1208 210 1254 246 et
1271 218 1366 247 cer-

39 261 135 296 tum
161 261 297 297 esset.
356 256 554 296 Dorsum
579 258 699 297 enim
723 257 947 300 habebam
973 260 1031 300 ad
1047 261 1220 313 lumen,
1247 267 1293 302 et
1309 263 1367 304 ad

43 324 98 352 ea
123 324 238 365 quae
262 313 576 354 illuminantur
599 312 786 354 faciem:
818 316 938 356 unde
962 317 1064 370 ipsa
1086 316 1231 360 facies
1249 331 1366 369 mea,

44 380 133 421 qua
149 368 404 408 illuminata
421 369 679 419 cernebam,
699 383 791 410 non
808 371 1164 414 illuminabatur.
1228 374 1367 423 Quid-

44 423 152 477 quid
176 423 231 463 de
259 429 355 464 arte
379 425 599 478 loquendi
619 427 963 478 et'disserendi,
988 430 1211 483 quidquid
1229 431 1283 471 de
1303 430 1372 471 di-

41 479 352 521 mensionibus
371 481 636 534 figurarum,
656 487 702 522 et
720 482 775 523 de
794 484 997 535 musicis,
1016 490 1062 525 et
1080 486 1136 526 de
1151 489 1368 538 numeris,

40 537 139 576 sine
152 547 314 589 magna
325 535 609 587 difficultate,
623 537 748 580 nullo
766 537 999 580 hominum
1010 542 1220 583 tradente
1234 544 1368 584 intel-

41 591 155 640 lexi,
190 592 279 632 scis
304 597 376 643 tu,
403 592 601 634 Domine
624 593 751 635 Deus
775 607 925 646 meus,
951 597 1058 650 quia
1085 603 1131 639 et
1154 600 1370 640 celeritas

40 647 331 702 intelligendi
355 654 401 689 et
426 650 700 703 dispiciendi
726 663 917 693 acumen
941 653 1107 693 donum
1130 659 1259 696 tuum
1284 663 1369 697 est.

44 703 134 745 Sed
158 716 250 744 non
277 704 383 745 inde
405 706 722 747 sacrificabam
738 707 837 748 tibi.
897 708 1056 763 Itaque
1074 709 1187 750 mihi
1203 725 1294 753 non
1313 712 1371 752 ad

40 772 190 810 usum,
218 760 299 801 sed
318 761 375 802 ad
392 762 642 815 perniciem
660 764 806 818 magis
825 764 1030 816 valebat,
1056 767 1163 820 quia
1179 772 1274 809 tam
1289 769 1369 809 bo-

40 828 143 856 nam
164 821 340 870 partem
366 817 655 859 substantiae
673 832 802 860 meae
822 822 973 875 sategi
990 820 1159 863 habere
1177 824 1223 863 in
1240 830 1369 878 pote-

42 877 182 924 state,
217 878 263 913 et
287 872 608 915 fortitudinem
623 888 772 916 meam
788 889 880 917 non
899 877 957 917 ad
972 881 1019 918 t'e
1036 880 1368 930 custodiebam,

42 929 124 968 sed
152 929 387 982 profectus
422 943 522 970 sum
551 930 631 972 abs
658 937 704 972 te
723 933 771 973 in
795 932 1092 988 longinquam
1112 938 1368 990 regionem,

44 990 91 1024 ut
116 997 213 1025 eam
240 985 511 1039 dissiparem
538 987 585 1027 in
607 989 874 1029 meretrices
902 991 1194 1044 cupiditates.
1253 992 1370 1034 Nam

39 1038 150 1094 quid
174 1040 286 1081 mihi
306 1042 528 1095 proderat
550 1042 673 1084 bona
695 1057 770 1085 res
785 1058 877 1086 non
895 1047 1044 1087 utenti
1059 1047 1206 1089 benef}
1264 1048 1369 1090 Non

40 1098 159 1137 enim
171 1098 437 1148 sentiebam,
451 1098 556 1140 illas
574 1105 694 1142 artes
709 1101 846 1142 etiam
861 1102 915 1142 ab
936 1103 1157 1146 studiosis
1178 1111 1225 1146 et
1240 1106 1368 1160 inge·

38 1153 183 1194 niosis
211 1154 477 1195 difficillime
500 1155 722 1211 intelligi,
750 1158 839 1198 nisi
863 1171 963 1199 cum
991 1160 1057 1200 eis
1082 1163 1269 1203 easdem
1294 1176 1367 1203 co-

38 1210 179 1249 nabar
211 1222 463 1263 exponere3
498 1216 544 1252 et
566 1219 665 1254 erat
686 1214 766 1254 ille
786 1215 1202 1259 excellentissimus
1217 1219 1265 1259 in
1284 1220 1366 1268 eis,

39 1267 115 1318 qui
127 1278 195 1306 me
209 1272 512 1320 exponentem
529 1281 620 1309 non
634 1270 811 1311 tardius
831 1279 1115 1326 sequeretur.
1149 1274 1241 1316 Sed
1260 1276 1370 1329 quid

36 1321 147 1361 mihi
178 1321 265 1363 hoc
292 1323 512 1376 proderat
535 1327 734 1378 putanti,
758 1328 879 1380 quod
902 1334 971 1378 tu,
996 1329 1194 1371 Domine
1222 1331 1366 1382 Deus,

36 1379 228 1428 veritas,
254 1391 418 1433 corpus
445 1391 572 1421 esses
600 1381 800 1423 lucidum
827 1390 872 1424 et
896 1385 1185 1437 immensum,
1207 1394 1252 1428 et
1277 1400 1364 1441 ego

36 1433 232 1474 frustum
272 1434 328 1475 de
366 1434 450 1475 illo
483 1437 708 1489 corpore‘}
736 1438 888 1480 Nimia
918 1442 1212 1493 perversitas.
1275 1444 1362 1484 Sed

38 1490 103 1529 sic
131 1501 268 1530 eram.
327 1489 424 1531 Nec
448 1491 695 1544 erubesco,
721 1493 848 1535 Deus
873 1508 1022 1547 meus,
1052 1499 1263 1539 confiteri
1281 1500 1364 1539 tibi

35 1547 83 1585 in
100 1558 170 1586 me
188 1546 533 1588 misericordias
551 1553 667 1598 tuas,
683 1555 730 1590 et
745 1551 960 1592 invocare
978 1557 1040 1603 te,
1060 1554 1138 1607 qui
1154 1567 1245 1595 non
1266 1568 1364 1596 eru-

35 1602 115 1642 bui
146 1607 254 1643 tunc
282 1603 491 1656 profiteri
516 1602 777 1647 hominibus
801 1607 1110 1661 blasphemias
1135 1623 1284 1661 meas,
1320 1619 1365 1652 et

35 1658 203 1698 latrare
230 1659 468 1699 adversum
494 1664 554 1701 te.
619 1661 739 1710 Quid
759 1675 868 1718 ergo
890 1663 1002 1704 mihi
1017 1670 1128 1706 tunc
1143 1668 1364 1721 proderat

34 1714 266 1767 ingenium
292 1727 372 1768 per
396 1716 499 1756 illas
529 1716 762 1760 doctrinas
790 1721 935 1775 agile,
962 1726 1008 1761 et
1027 1722 1153 1763 nullo
1174 1724 1362 1764 admini-

36 1771 137 1810 culo
151 1769 331 1810 humani
351 1773 607 1826 magisterii
625 1780 696 1814 tot
712 1775 1014 1817 nodosissimi
1032 1778 1137 1818 libri
1158 1781 1361 1831 enodati,

36 1839 136 1866 cum
163 1826 432 1868 deformiter
458 1834 503 1868 et
527 1831 757 1885 sacrilega
779 1833 1062 1886 turpitudine
1085 1836 1133 1875 in
1152 1836 1363 1878 doctrina

32 1883 218 1935 pietatis
252 1896 450 1923 errarem
462 1884 480 1924 ’ἔ
508 1886 597 1925 Aut
630 1888 740 1940 quid
770 1894 945 1929 tantum
974 1890 1136 1932 oberat
1158 1894 1360 1945 parvulis

32 1939 123 1978 tuis
136 1939 271 1993 longe
287 1941 462 1980 tardius
480 1941 729 1994 ingenium,
743 1956 843 1984 cum
862 1958 888 1985 a
903 1951 949 1986 te
967 1945 1106 2001 longe
1125 1961 1216 1989 non
1234 1962 1360 1990 rece-

36 1994 215 2045 derent,
242 2001 292 2035 ut
317 1996 362 2035 in
388 1996 495 2036 nido
522 1997 760 2041 Ecclesiae
778 2005 884 2042 tuae
901 2002 990 2042 tuti
1004 2003 1358 2055 plumescerent,

35 2056 82 2090 et
113 2051 208 2092 alas
238 2052 442 2092 caritatis
478 2052 695 2096 alimento
730 2069 869 2098 sanae
900 2058 1011 2099 fidei
1035 2061 1288 2102 nutrirent&
1321 2062 1357 2101 Ο

33 2105 230 2148 Domine
256 2108 383 2148 Deus
413 2113 591 2161 noster,
620 2111 668 2152 in
693 2112 951 2155 velamento
980 2113 1154 2157 alarum
1177 2122 1359 2158 tuarum

36 2174 284 2215 speremus,
305 2168 351 2203 et
366 2169 560 2219 protege
578 2180 678 2218 nos,
699 2173 745 2208 et
761 2175 896 2222 porta
912 2184 1012 2211 nos.
1060 2173 1132 2213 Tu
1152 2174 1357 2225 portabis

35 2226 82 2259 et
96 2219 326 2272 parvulos,
341 2226 386 2260 et
398 2233 542 2274 usque
560 2222 616 2263 ad
636 2236 775 2265 canos
794 2230 844 2266 tu
860 2227 1086 2279 portabis2
1107 2229 1267 2281 quoni
1281 2241 1356 2268 am
