1473 2443
101 98 182 139 218
419 96 698 139 AURELII
727 97 1099 140 AUGUSTINI

101 184 189 223 erit
210 182 416 235 longum,
445 194 544 222 cum
570 194 626 222 ex
642 181 815 233 futuro,
840 182 960 236 quod
977 182 1176 223 nondum
1195 185 1283 233 est,
1308 194 1409 223 esse

98 239 188 278 iam
208 238 430 290 coeperit,
451 242 496 277 et
512 250 727 290 praesens
747 237 915 278 factum
935 239 1040 289 erit,
1058 243 1109 278 ut
1125 239 1274 291 possit
1292 251 1409 288 esse,

100 294 220 347 quod
251 293 437 346 longum
470 294 545 334 sit:
576 295 666 334 iam
699 295 1009 347 superioribus
1032 296 1221 336 vocibus
1245 293 1411 335 clamat

96 361 312 403 praesens
331 354 522 403 tempus,
540 349 724 403 longum
745 362 793 390 se
813 362 912 390 esse
931 361 1020 389 non
1037 361 1188 402 posse.

183 405 229 445 C.
254 404 372 445 XVI.
434 405 493 444 Et
508 410 672 455 tamen,
691 405 887 445 Domine
900 436 910 454 ‚
931 407 1150 445 sentimus
1167 405 1411 446 intervalla

99 466 373 513 temporum,
406 465 452 500 et
473 473 784 514 comparamus
809 461 1011 510 sibimet,
1037 466 1083 501 et
1107 461 1297 501 dicimus
1321 461 1411 501 alia

98 516 330 569 longiora,
356 520 401 556 et
425 516 515 556 alia
536 517 761 557 breviora.
820 517 1035 556 Metimur
1060 518 1215 566 etiam,
1242 522 1410 570 quanto

100 574 160 612 sit
180 572 361 612 brevius
385 577 463 611 aut
483 572 665 625 longius
686 572 800 612 illud
821 577 1020 625 tempus,
1054 584 1186 625 quam
1208 572 1342 623 illud,
1367 576 1413 612 et

97 627 446 681 respondemus,
467 627 649 681 duplum
668 640 769 668 esse
790 626 877 667 hoc
893 627 967 668 vel
983 627 1186 680 triplum,
1203 627 1318 667 illud
1337 640 1412 667 au-

98 688 191 722 tem
227 683 449 735 simplum,
481 689 560 723 aut
589 688 762 723 tantum
796 682 883 723 hoc
917 695 1017 723 esse
1044 688 1256 737 quantum
1281 682 1412 724 illud.

101 738 192 779 Sed
211 739 548 792 praetereuntia
572 741 781 778 metimur
803 744 1030 792 tempora,
1055 752 1154 779 cum
1172 738 1411 780 sentiendo

99 795 327 844 metimur3
359 794 607 846 praeterita
622 807 748 845 vero,
768 807 882 848 quae
899 796 989 835 iam
1006 807 1095 834 non
1114 799 1230 844 sunt,
1252 798 1330 835 aut
1345 793 1412 834 fu-

99 855 220 899 tura,
254 861 367 903 quae
402 850 600 890 nondum
632 856 756 899 sunt,
790 851 889 903 quis
921 850 1074 891 metiri
1105 850 1284 904 potest‘}
1312 848 1414 890 Nisi

99 904 220 945 forte
240 905 426 945 audebit
443 906 541 958 quis
562 906 893 955 dicere‚metiri
911 917 1062 958 posse,
1083 905 1204 960 quod
1220 918 1311 945 non
1329 910 1412 945 est.

102 961 213 1000 Cum
239 972 348 1013 ergo
371 962 592 1013 praeterit
608 966 804 1014 tempus,
831 961 992 1001 sentiri
1011 966 1057 1000 et
1072 961 1223 1002 metiri
1240 964 1413 1014 potest3

102 1028 203 1055 cum
227 1023 376 1056 autem
400 1017 711 1068 praeterierit,
737 1017 950 1069 quoniam
975 1029 1066 1056 non
1091 1021 1181 1067 est,
1208 1029 1297 1058 non
1315 1023 1414 1069 pot·

101 1075 184 1111 est.

185 1126 233 1167 C.
253 1125 391 1166 XVII.
448 1126 798 1180 Quaer0‚pater‚
815 1140 903 1168 non
917 1127 1412 1178 adfirmo,Deusmeus‚

100 1182 311 1236 praeside
344 1180 455 1222 mihi
479 1187 523 1222 et
545 1195 654 1236 rege
679 1196 764 1224 me.
827 1184 1044 1232 Quisnam
1070 1188 1159 1232 est,
1193 1183 1270 1236 qui
1294 1183 1416 1223 dicat

99 1237 211 1278 mihi
243 1250 334 1278 non
367 1250 467 1278 esse
491 1238 582 1277 tria
605 1243 829 1292 tempora,
863 1239 982 1279 sicut
1001 1238 1131 1293 pueri
1157 1238 1414 1288 didicimus,

98 1306 355 1347 puerosque
375 1293 630 1343 docuimus,
657 1295 972 1348 praeteritum,
999 1306 1215 1348 praesens
1235 1298 1281 1333 et
1297 1293 1415 1333 futu-

94 1362 214 1399 rum,
255 1349 336 1389 sed
367 1354 540 1389 tantum
569 1361 806 1403 praesens,
847 1351 1059 1404 quoniam
1088 1349 1170 1389 illa
1204 1348 1292 1389 duo
1324 1361 1416 1389 non

97 1405 227 1445 sunt'ss
242 1405 307 1444 An
321 1410 366 1445 et
381 1406 482 1457 ipsa
498 1411 620 1456 sunt3
641 1406 723 1446 sed
741 1418 797 1446 ex
814 1405 966 1459 aliquo
985 1405 1195 1459 procedit
1213 1405 1414 1455 occulto,

98 1473 198 1500 cum
222 1473 278 1502 ex
299 1460 451 1500 futuro
476 1461 527 1500 fit
545 1472 781 1514 praesens;
815 1467 860 1501 et
876 1462 922 1501 in
940 1461 1126 1515 aliquod
1143 1460 1319 1501 recedit
1337 1473 1411 1501 oc-

98 1516 288 1566 cultum,
322 1529 421 1556 cum
446 1528 502 1556 ex
523 1517 754 1570 praesenti
776 1517 826 1557 fit
847 1517 1168 1571 praeteritum?
1197 1514 1311 1556 Nam
1334 1516 1412 1556 ubi

97 1583 152 1611 ea
172 1572 401 1621 viderunt,
427 1572 503 1624 qui
528 1571 683 1612 futura
701 1573 983 1622 cecinerunt,
1011 1573 1049 1612 si
1067 1572 1266 1612 nondum
1284 1571 1411 1612 sunt?

94 1626 255 1679 Neque
290 1627 407 1667 enim
438 1631 591 1680 potest
621 1628 767 1668 videri
788 1628 836 1667 id
858 1628 979 1681 quod
997 1640 1087 1667 non
1111 1632 1194 1667 est.
1252 1627 1310 1666 Et
1333 1626 1410 1679 qui

94 1687 281 1721 narrant
296 1683 562 1735 praeterita,
581 1696 672 1723 non
689 1684 845 1736 utique
863 1695 972 1723 vera
988 1686 1240 1732 narrarent,
1259 1682 1297 1722 si
1316 1682 1407 1721 ani-

92 1749 166 1777 mo
189 1737 269 1776 illa
290 1749 381 1776 non
405 1743 657 1779 cernerent.
719 1739 844 1787 Quae
869 1738 908 1778 si
929 1738 1054 1777 nulla
1077 1741 1248 1787 essent,
1283 1737 1409 1777 cerni

96 1792 276 1832 omnino
296 1804 384 1831 non
401 1798 602 1846 possent.
645 1793 758 1835 Sunt
776 1805 886 1847 ergo
906 1798 952 1834 et
968 1792 1122 1834 futura
1139 1797 1185 1834 et
1201 1797 1402 1846 praeter-

96 1848 175 1888 ita.

180 1902 227 1943 C.
250 1901 411 1943 XVIII.
473 1902 579 1944 Sine
601 1916 696 1954 me,
715 1903 934 1954 Domine,
957 1903 1149 1958 amplius
1168 1914 1402 1958 quaerere,

95 1970 198 2011 spes
230 1970 349 2009 mea3
381 1970 473 1998 non
505 1960 801 2000 conturbetur
821 1960 1015 2001 intentio
1039 1972 1153 2000 mea.
1214 1958 1262 2000 Si
1285 1959 1404 1998 enim

96 2019 200 2053 sunt
216 2013 369 2054 futura
388 2018 432 2053 et
449 2015 710 2067 praeterita,
729 2016 834 2055 volo
854 2016 988 2065 scire,
1007 2016 1085 2056 ubi
1103 2015 1206 2055 sint.
1268 2012 1403 2062 Quod

94 2069 134 2108 si
152 2069 351 2109 nondum
371 2067 523 2118 valeo,
558 2070 652 2109 scio
675 2074 846 2120 tamen,
870 2071 1140 2124 ubicumque
1163 2072 1286 2118 sunt,
1311 2081 1402 2108 non

92 2124 158 2164 ibi
193 2137 246 2165 ea
276 2123 429 2164 futura
467 2136 568 2164 esse
602 2128 679 2164 aut
709 2127 974 2179 praeterita,
1014 2125 1095 2166 sed
1123 2124 1399 2177 praesentia.

92 2179 205 2220 Nam
229 2180 266 2219 si
291 2185 335 2220 et
357 2181 418 2220 ibi
443 2179 595 2220 futura
613 2186 739 2231 sunt,
764 2182 961 2222 nondum
978 2182 1043 2222 ibi
1061 2184 1183 2230 sunt3
1216 2180 1254 2220 si
1274 2183 1320 2220 et
1335 2177 1397 2219 ibi
