1514 2438
225 147 769 191 CONFESSIONUM
798 149 1006 190 LIBER
1037 149 1144 190 XII.
1262 148 1343 189 239

23 230 181 280 moria,
199 244 299 273 cum
314 235 655 288 praeterierint3
689 235 831 276 omnis
849 247 985 289 porro
1004 234 1214 284 intentio,
1229 246 1344 288 quae

23 286 88 326 ita
114 288 333 339 variatur,
359 291 590 331 mutabilis
615 296 706 341 est,
736 298 781 332 et
808 304 938 331 omne
964 290 1180 331 mutabile
1200 296 1344 331 aeter-

24 356 128 383 num
147 356 236 384 non
255 351 344 386 est:
375 346 501 386 Deus
521 354 673 387 autem
691 352 849 387 noster
866 352 1078 387 aeternus
1100 351 1184 386 est.
1216 346 1346 386 Haec

24 399 194 452 colligo
209 405 343 454 atque
357 403 601 456 coniungo,
616 404 852 443 etinvenio
864 403 1010 442 Deum
1023 416 1184 452 meum,
1197 402 1346 442 Deum

24 459 281 506 aeternum,
331 472 420 498 non
461 459 614 512 aliqua
653 472 770 499 nova
808 459 1043 499 voluntate
1084 458 1345 499 condidisse

24 516 300 562 creaturam,
337 526 421 554 nec
447 515 685 554 scientiam
710 515 807 555 eius
834 515 1148 555 transitorium
1174 514 1347 567 aliquid

23 567 132 619 pati.
194 568 314 616 Quid
343 582 453 623 ergo
487 570 675 620 dicetis,
712 570 1103 611 contradictoresss
1132 571 1197 609 An
1229 569 1349 611 falsa

25 628 128 662 sunt
152 623 265 664 istas}
294 624 418 675 Non,
447 626 670 679 inquiunt.
733 627 852 675 Quid
875 626 1013 666 illud?
1043 625 1159 666 Num
1182 625 1350 666 falsum

26 685 116 727 est,
143 692 320 720 omnem
338 688 542 722 naturam
561 682 802 722 formatam
820 683 1112 722 materiamve
1132 681 1347 722 formabi-

26 733 115 774 lem
132 747 222 775 non
242 748 343 777 esse
363 738 450 777 nisi
471 738 525 777 ab
543 739 625 778 illo
639 769 650 788 ,
675 739 750 791 qui
768 751 938 778 summe
957 738 1103 778 bonus
1124 744 1214 788 est,
1242 739 1348 791 quia

26 803 198 830 summe
232 792 330 833 est}
361 792 518 846 Neque
553 793 640 834 hoc
667 806 908 847 negamus,
944 795 1165 847 inquiunt,
1228 793 1347 842 Quid

26 845 191 899 igitur?
220 849 286 888 An
320 849 435 889 illud
467 851 666 904 negatis,
702 850 940 890 sublimem
973 850 1212 903 quamdam
1245 862 1347 890 esse

26 908 283 944 creaturam
313 910 405 945 tam
431 912 557 946 casto
583 919 736 946 amore
764 905 1086 946 cohaerentem
1110 905 1210 945 Deo
1238 918 1345 945 vero

27 963 72 997 et
95 970 200 998 vere
225 965 435 1011 aeternO‚
470 967 518 1001 ut
537 963 739 1016 quamvis
759 964 801 1002 ei
820 968 1067 1002 coaeterna
1085 974 1174 1001 non
1194 962 1274 1011 sit,
1301 962 1347 1001 in

28 1013 194 1054 nullam
206 1021 356 1056 tamen
370 1023 623 1070 temporum
636 1019 905 1058 varietatem
923 1023 969 1058 et
985 1017 1349 1057 vicissitudinem

29 1070 181 1110 abillo
203 1084 251 1111 se
270 1073 476 1113 revolvat
494 1086 546 1113 ac
565 1072 754 1123 defluat,
775 1074 919 1113 sedin
941 1074 1037 1113 eius
1057 1073 1201 1113 solius
1221 1086 1347 1113 vera-

25 1125 213 1166 cissima
248 1130 632 1183 contemplatione
660 1129 946 1183 requiescat‘}
978 1129 1244 1178 Quoniam
1275 1135 1346 1179 tu,

27 1180 191 1232 Deus,
215 1184 469 1238 diligenti
492 1191 560 1235 te,
578 1192 826 1239 quantum
843 1186 1140 1239 praecipis,
1169 1190 1346 1226 osten-

30 1238 108 1277 dis
136 1239 276 1290 cite,
298 1246 348 1280 et
371 1241 586 1282 sufficis
612 1243 680 1292 ei,
708 1247 759 1282 et
782 1242 905 1282 ideo
934 1255 1035 1281 non
1060 1241 1119 1281 de
1135 1242 1349 1281 clinata

31 1300 101 1343 te,
143 1308 236 1336 nec
270 1297 333 1336 ad
361 1310 430 1338 se.
492 1298 620 1338 Haec
645 1304 715 1338 est
741 1298 900 1337 domus
924 1298 1010 1336 Dei
1035 1310 1125 1336 non
1150 1302 1347 1346 terrena,

33 1362 176 1404 neque
216 1352 310 1392 ulla
340 1354 532 1393 coelesti
565 1355 685 1393 mole
720 1366 966 1405 corporea,
1011 1353 1093 1392 sed
1127 1353 1348 1406 spiritalis

30 1413 74 1445 et
92 1409 319 1460 particeps
338 1409 623 1448 aeternitatis
641 1414 762 1458 tuae,
780 1409 885 1462 quia
902 1411 999 1448 sine
1018 1409 1120 1448 labe
1139 1409 1185 1448 in
1204 1414 1348 1448 aeter-

30 1475 146 1502 num.
208 1463 415 1503 Statuisti
440 1463 551 1504 enim
575 1478 668 1504 eam
690 1463 737 1504 in
761 1465 979 1504 saeculam
1004 1471 1046 1503 et
1066 1463 1112 1503 in
1130 1465 1349 1504 saeculum

26 1517 204 1567 saeculi,
226 1528 509 1573 praeceptum
532 1519 740 1574 posuisti,
769 1527 810 1560 et
840 1533 928 1560 non
949 1520 1227 1572 praeteribit.
1250 1520 1346 1567 (Ps.

33 1573 124 1623 148,
144 1573 202 1622 6.)
264 1574 359 1615 Nec
391 1582 541 1616 tamen
573 1577 658 1616 tibi
685 1576 785 1615 Deo
820 1581 1090 1624 coaeterna,
1135 1578 1347 1629 quoniam

31 1642 118 1669 non
144 1631 242 1670 sine
260 1631 412 1682 initi03
445 1632 567 1672 facta
585 1638 655 1672 cst
673 1633 805 1672 enim.
865 1631 979 1672 Nam
999 1637 1044 1671 et
1061 1632 1099 1671 si
1118 1645 1207 1671 non
1226 1632 1348 1671 inve-

28 1686 172 1726 nimus
196 1692 372 1740 tempus
393 1695 496 1728 ante
515 1689 661 1739 illam3
688 1688 817 1741 prior
835 1690 998 1742 quippe
1020 1686 1209 1727 omnium
1227 1700 1347 1728 crea-

29 1747 72 1780 ta
90 1748 153 1781 est
168 1742 384 1796 sapientia
405 1744 568 1793 (Sirac.
590 1747 626 1793 1,
646 1746 726 1794 403
748 1757 830 1783 nec
852 1746 1004 1797 utique
1023 1744 1104 1783 illa
1124 1744 1350 1798 sapientia

28 1797 125 1846 tibi,
139 1797 263 1838 Deus
283 1806 454 1850 noster,
475 1802 592 1854 patri
610 1813 692 1840 suo
712 1800 844 1851 plane
865 1805 1109 1840 coaeterna
1124 1805 1168 1840 et
1185 1812 1349 1854 aequa-

28 1852 104 1902 lis,
134 1859 179 1893 et
200 1867 282 1906 pei·
306 1869 436 1909 quam
456 1864 609 1896 creata
629 1862 733 1896 sunt
753 1858 922 1905 omnia,
949 1861 995 1896 et
1012 1856 1057 1895 in
1075 1869 1163 1909 quo
1184 1857 1347 1908 princi—

29 1908 101 1960 pio
128 1908 279 1950 fecisti
298 1913 476 1952 coelum
495 1919 540 1952 et
556 1919 744 1961 terram3
778 1912 856 1952 sed
877 1911 1086 1965 profecto
1107 1912 1346 1964 sapientia,

29 1977 142 2017 quae
166 1971 320 2006 creata
344 1973 432 2016 est,
466 1969 793 2009 intellectualis
819 1973 980 2007 natura
1004 1968 1202 2017 scilicet,
1232 1979 1346 2019 quae

29 2022 411 2075 contemplatione
446 2024 625 2065 luminis
660 2025 811 2064 lumen
850 2029 936 2074 est3
971 2024 1137 2064 dicitur
1160 2024 1277 2063 enim
1303 2027 1349 2061 et

28 2075 138 2128 ipsa,
159 2081 359 2131 quamvis
381 2085 548 2127 creata,
570 2081 807 2132 sapientia.
870 2079 961 2120 Sed
981 2085 1195 2133 quantum
1210 2080 1347 2118 inter-

30 2138 98 2171 est
116 2133 233 2173 inter
253 2135 423 2184 lumen,
444 2135 565 2188 quod
584 2137 827 2185 illuminat,
850 2142 895 2175 et
913 2135 1034 2188 quod
1052 2135 1346 2181 illuminatur,

30 2193 201 2230 tantum
223 2191 343 2231 intes=
369 2192 657 2243 sapientiam,
683 2204 796 2244 quae
818 2196 962 2239 creat,
989 2192 1204 2239 etistam,
1233 2201 1346 2241 quae.

31 2252 183 2286 creata
207 2252 293 2297 est3
327 2248 445 2287 sicut
470 2248 588 2287 inter
611 2248 830 2288 iustitiam
848 2247 1192 2294 iustificantem‚
1220 2252 1265 2284 ct
1283 2246 1346 2283 iu-
