1514 2438
300 132 825 176 CONFESSIONUM
853 135 1057 177 LIBER
1087 136 1142 176 X.
1305 134 1384 175 197

59 216 106 256 in
133 228 220 270 quo
247 217 489 270 primatum
517 218 640 259 oculi
662 225 841 272 tenent,
869 223 1006 262 etiam
1033 220 1205 262 caeteri
1222 232 1384 260 sensus

60 272 149 313 sibi
173 273 228 313 de
252 273 550 314 similitudine
577 282 816 330 usurpant,
843 291 943 318 cum
961 277 1135 331 aliquid
1158 277 1383 330 cognitio-

57 330 127 369 nis
144 329 395 382 explorant.
455 330 524 371 Ex
537 329 626 372 hoc
645 339 797 374 autem
816 334 1071 375 evidentius
1091 333 1383 382 discernitur,

59 385 168 438 quid
189 385 458 439 voluptatis,
484 387 593 441 quid
616 390 898 431 curiositatis
918 396 1082 444 agatur
1097 402 1180 443 per
1199 401 1383 439 sensus3

59 442 182 494 quod
198 441 407 496 voluptas
426 442 636 496 pulchra,
657 458 845 496 canora,
866 448 1042 497 suavia,
1063 445 1242 499 sapida,
1260 445 1386 484 lenia

58 502 280 549 sectatum
314 498 557 540 curiositas
587 506 740 542 autem
773 504 911 543 etiam
939 501 1008 543 his
1034 502 1267 543 contraria
1286 506 1384 541 ten-

55 553 186 593 tandi
202 566 354 605 causa,
373 567 464 595 non
483 556 540 596 ad
558 557 839 599 subeundam
856 559 1130 609 molestiam,
1152 558 1233 599 sed
1253 569 1385 611 expe-

58 609 209 650 riendi
238 611 551 665 noscendique
575 613 783 656 libidine.
846 614 967 664 Quid
992 616 1110 655 enim
1133 613 1387 667 voluptatis

57 662 197 706 habet
211 665 368 706 videre
385 667 433 707 in
449 667 620 710 laniato
643 670 863 712 cadavere
883 671 1006 725 quod
1026 670 1301 712 exhorreas}
1328 669 1389 709 Et

57 726 209 762 tamen
228 722 375 763 sicubi
390 724 561 775 iaceat,
581 734 879 778 concurrunt,
899 733 950 768 ut
968 728 1319 776 contristentur,
1338 730 1389 765 ut

55 777 273 831 palleant.
334 779 519 821 Timent
544 782 699 832 etiam,
723 795 780 824 ne
803 785 851 826 in
876 784 1048 824 somnis
1074 782 1163 824 hoc
1181 782 1386 831 videant3

59 834 189 888 quasi
222 835 462 888 quisquam
487 848 566 878 eos
593 838 838 893 xigilantes
864 839 1021 881 videre
1050 840 1277 894 coegerit,
1311 843 1390 877 aut

57 888 413 943 pulchritudinis
439 892 535 934 ulla
555 892 678 938 fama
700 898 997 949 persuaserit.
1058 896 1127 938 Ita
1151 900 1196 935 et
1217 897 1264 935 in
1289 905 1388 934 cae-

60 947 174 986 teris
200 947 434 999 sensibus3
468 961 583 1002 quae
609 953 826 1005 persequi
849 955 1040 1006 longum
1063 957 1146 993 est.
1206 950 1276 991 Ex
1301 949 1389 989 hoc

58 1002 220 1043 morbo
249 1003 512 1057 cupiditatis
528 1007 576 1046 in
593 1009 870 1061 spectaculis
890 1007 1161 1049 exhibentur
1182 1018 1389 1060 quaeque

59 1058 295 1100 miracula.
333 1059 455 1101 Hinc
474 1061 531 1102 ad
547 1064 878 1117 perscrutanda
894 1070 1085 1105 naturae
1107 1066 1242 1118 (quae
1261 1075 1389 1117 prae-

57 1120 130 1154 ter
147 1127 231 1154 nos
252 1118 341 1166 est)
366 1123 527 1169 operta
543 1120 832 1173 proceditur,
853 1132 967 1174 quae
986 1122 1105 1162 scire
1124 1119 1240 1160 nihil
1255 1119 1389 1173 prod-

61 1175 146 1220 est,
167 1175 213 1211 et
229 1169 344 1212 nihil
362 1173 486 1213 aliud
505 1187 638 1228 quam
655 1177 773 1217 scire
792 1175 1001 1218 homines
1021 1177 1220 1231 cupiunt.
1267 1176 1390 1215 Hinc

61 1226 220 1276 etiam,
240 1228 280 1268 si
298 1229 407 1282 quid
428 1230 591 1271 eodem
608 1244 855 1285 perversae
874 1234 1097 1274 scientiae
1116 1233 1204 1272 fine
1222 1244 1305 1284 per
1322 1243 1391 1270 ar-

56 1286 129 1322 tes
152 1283 357 1337 magicas
377 1288 625 1338 quaeritur.
684 1289 807 1330 Hinc
827 1289 966 1329 etiam
982 1289 1029 1328 in
1044 1290 1146 1342 ipsa
1161 1288 1389 1340 religione

56 1336 184 1379 Deus
201 1344 418 1391 tentatur,
439 1354 540 1382 cum
557 1345 689 1397 signa
709 1350 754 1384 et
769 1344 983 1398 prodigia
999 1343 1279 1398 flagitantur,
1298 1353 1391 1382 non

57 1394 117 1434 ad
135 1394 335 1449 aliquam
353 1397 564 1449 salutem,
579 1399 661 1439 sed
679 1401 736 1441 ad
753 1400 901 1440 solam
921 1400 1251 1453 experientiam
1270 1398 1388 1438 desi-

61 1449 236 1492 derata.
294 1451 345 1492 In
369 1450 453 1493 hac
475 1458 571 1494 tam
592 1455 815 1496 immensa
833 1456 949 1497 silva
965 1456 1101 1509 plena
1117 1456 1389 1496 insidiarum

60 1510 107 1546 et
121 1506 447 1560 periculorum,
459 1522 566 1550 ecce
584 1511 729 1551 multa
744 1513 1049 1566 praeciderim
1068 1517 1115 1553 et
1128 1524 1154 1552 a
1168 1523 1272 1552 meo
1289 1523 1388 1551 cor-

60 1561 115 1602 de
138 1563 426 1617 dispulerim,
445 1566 581 1606 sicuti
599 1567 781 1608 donasti
797 1581 869 1609 me
888 1567 1059 1619 facere,
1077 1568 1204 1621 Deus
1224 1566 1386 1608 salutis

57 1631 202 1672 meae.
262 1620 319 1660 At
335 1626 488 1661 tamen
507 1623 687 1676 quando
707 1624 854 1665 audeo
876 1624 1051 1675 dicere,
1079 1638 1179 1665 cum
1197 1624 1386 1664 circum·

58 1687 237 1728 quaque
263 1677 577 1730 quotidianam
593 1680 733 1720 vitam
750 1685 957 1721 nostram
974 1686 1066 1721 tam
1082 1681 1228 1722 multa
1251 1678 1385 1721 huius

57 1733 241 1784 generis
258 1744 413 1773 rerum
432 1735 826 1789 circumstrepant,
847 1737 1026 1790 quando
1047 1737 1194 1778 audeo
1215 1736 1384 1786 dicere,

55 1787 184 1827 nulla
198 1800 247 1828 re
266 1788 351 1828 tali
368 1802 439 1830 me
456 1791 681 1832 intentum
699 1793 802 1833 fieri
819 1793 876 1833 ad
894 1794 1190 1847 spectandum
1210 1798 1256 1834 et
1270 1805 1387 1832 vana

57 1854 168 1883 cura
190 1845 483 1897 capiendumss
515 1846 634 1888 Sane
656 1861 728 1889 me
753 1851 843 1890 iam
869 1847 1051 1890 theatra
1072 1863 1164 1891 non
1186 1851 1384 1903 rapiunt,

54 1910 141 1939 nec
175 1912 283 1939 curo
320 1913 458 1942 nosse
491 1904 708 1946 transitus
742 1906 964 1956 siderum,
998 1918 1082 1947 nec
1114 1907 1264 1946 anima
1284 1917 1388 1945 mea

53 1966 267 2010 umquam
284 1968 505 2011 responsa
524 1961 748 2012 quaesivit
764 1962 1043 2013 umbrarum3
1077 1963 1229 2002 omnia
1249 1962 1385 2001 sacri-

54 2009 162 2064 lega
179 2018 465 2053 sacramenta
483 2014 701 2057 detestor.
746 2019 782 2058 A
797 2023 859 2067 te,
880 2017 1076 2058 Domine
1094 2017 1221 2058 Deus
1239 2029 1383 2065 meus,

60 2068 133 2107 cui
150 2066 365 2109 humilem
383 2068 652 2112 famulatum
671 2085 724 2113 ac
744 2074 997 2127 simplicem
1017 2074 1180 2123 debeo,
1202 2072 1383 2126 quantis

56 2135 234 2165 mecum
247 2126 596 2180 suggestionum
609 2128 1024 2170 machinationibus
1044 2130 1141 2183 agit
1156 2128 1383 2175 inimicus,

55 2184 107 2219 ut
133 2180 312 2234 signum
330 2181 518 2235 aliquod
534 2185 705 2235 petam!
743 2185 834 2226 Sed
854 2186 1046 2226 obsecro
1066 2191 1110 2224 te
1130 2196 1210 2237 per
1227 2195 1382 2237 regem

54 2242 276 2288 nostrum,
291 2244 337 2278 et
351 2239 545 2290 patriam
562 2238 825 2292 Ierusalem,
841 2241 1108 2295 simplicem,
1129 2245 1316 2289 castam,
1335 2247 1384 2279 ut
