1514 2438
302 91 843 134 CONFESSIONUM
871 92 1080 134 LIBER
1108 92 1197 134 111.
1357 94 1408 134 ἐξ)

94 188 158 217 ter
189 177 504 230 atquealiter3
538 181 584 216 et
605 177 652 216 in
679 189 768 217 uno
796 177 948 230 aliquo
974 190 1132 228 versu,
1158 189 1250 218 non
1269 180 1409 218 omni-

92 231 172 273 bus
191 233 307 274 locis
328 233 535 272 eumdem
552 232 729 286 pedem.
761 233 821 274 Et
839 246 911 274 ars
930 233 1044 287 ipsa,
1066 246 1154 286 qua
1173 234 1406 284 canebam,

92 301 178 329 non
204 287 402 329 habebat
429 288 554 328 aliud
581 288 712 338 alibi,
747 289 829 329 sed
855 290 1006 330 omnia
1031 289 1179 330 simul.
1238 290 1298 330 Et
1320 303 1410 330 non

90 344 298 385 intuebar
313 345 551 394 iustitiam,
573 345 646 384 cui
665 346 892 385 servirent
907 345 1017 385 boni
1039 351 1085 386 et
1105 346 1250 386 sancti
1269 345 1410 386 homi-

90 412 180 451 nes,
197 401 335 454 longe
352 400 654 441 excellentius
671 406 806 454 atque
825 401 1063 442 sublimius
1085 400 1253 442 habere
1276 403 1410 442 simul

91 457 256 507 onmia,
287 469 401 510 quae
419 457 656 510 praecepit
670 456 818 507 Deus,
840 463 885 497 et
903 458 1028 498 nulla
1047 470 1103 498 ex
1119 463 1248 511 parte
1266 459 1410 498 raria-

87 512 149 562 ri3
183 518 224 553 et
239 517 392 553 tamen
409 513 549 553 variis
567 513 851 566 temporibus
870 525 961 552 non
979 514 1131 553 onmia
1149 514 1304 564 simul,
1329 514 1411 554 sed

84 569 269 621 propria
292 569 642 609 distribuentem
667 582 719 609 ac
742 569 1114 622 praecipientem.
1174 570 1234 610 Et
1257 582 1409 623 repre·

85 623 335 665 hendebam
361 638 528 665 coecus
547 626 647 678 pios
666 630 841 678 patres,
868 638 961 665 non
979 625 1127 666 solum
1147 627 1265 667 sicut
1281 625 1408 667 Deus

82 680 260 721 iuberet
279 686 413 734 atque
434 682 682 734 inspiraret
697 686 879 722 utentes
898 682 1231 735 praesentibus,
1252 696 1408 723 verum

85 749 262 790 quoque
290 738 409 778 sicut
432 737 559 778 Deus
584 738 814 778 revelaret
838 736 993 778 futura
1015 739 1404 791 praenuntiantes.

167 793 211 833 C.
240 793 358 834 VIII.
391 793 622 847 Numquid
642 794 887 847 aliquando
908 800 985 834 aut
1003 794 1168 834 alicubi
1188 795 1405 835 iniustum

83 853 152 888 est
169 849 360 903 diligere
377 849 525 890 Deum
546 862 602 890 ex
618 855 718 890 toto
739 850 892 900 corde,
913 862 969 891 ex
987 855 1085 890 tota
1102 852 1264 900 anima,
1286 857 1331 891 et
1351 864 1405 891 ex

80 909 178 944 tota
193 911 344 946 mente
357 937 366 955 ,
387 911 432 946 et
452 906 644 960 diligere
662 907 917 959 proximum
936 911 1151 960 tanquam
1170 912 1214 947 te
1232 908 1405 960 ipsum?-

79 960 235 1014 Itaque
255 960 450 1015 flagitia,
478 975 592 1015 quae
612 967 716 1002 sunt
734 967 893 1002 contra
910 968 1138 1014 naturam,
1165 963 1333 1016 ubique
1353 977 1403 1003 ac

79 1029 257 1070 semper
280 1018 552 1058 detestanda
579 1024 714 1072 atque
742 1019 974 1071 punienda
997 1024 1123 1069 sunt,
1152 1020 1305 1073 qualia
1324 1019 1403 1060 So-

77 1072 347 1113 domitarum
366 1074 564 1115 fuerunt.
627 1075 753 1124 Quae
766 1076 806 1116 si
824 1087 980 1115 omnes
1001 1081 1162 1129 gentes
1181 1075 1402 1125 facerent,

77 1129 238 1170 eodem
264 1130 466 1170 criminis
489 1134 621 1171 reatu
646 1131 799 1171 divina
822 1131 926 1185 lege
959 1136 1251 1182 tenerentur,
1287 1145 1400 1185 quae

73 1197 165 1225 non
191 1186 258 1226 sic
290 1185 403 1226 fecit
434 1185 664 1238 homines,
698 1191 750 1227 ut
782 1200 830 1228 se
863 1188 945 1228 illo
980 1193 1215 1228 uterentur
1247 1188 1399 1227 modo.

75 1240 287 1282 Violatur
307 1243 472 1296 quippe
497 1244 599 1296 ipsa
624 1244 846 1294 societas,
875 1256 990 1297 quae
1017 1258 1117 1284 cum
1140 1243 1242 1291 Deo
1268 1244 1400 1284 nobis

77 1308 176 1337 esse
196 1298 353 1348 debet,
381 1312 481 1338 cum
501 1299 660 1338 eadem
679 1305 861 1350 natura,
891 1300 1018 1340 cuius
1037 1300 1116 1339 ille
1137 1305 1297 1340 auctor
1316 1306 1399 1347 est,

73 1352 277 1394 libidinis
295 1355 600 1406 perversitate
626 1356 862 1407 polluitur.
925 1355 1051 1403 Quae
1072 1360 1223 1396 autem
1243 1361 1402 1395 contra

71 1420 224 1448 mores
242 1407 476 1450 hominum
495 1415 601 1450 sunt
618 1410 815 1465 flagitia,
833 1424 917 1464 pro
935 1424 1111 1452 morum
1133 1413 1400 1452 diversitate

71 1464 257 1504 vitanda
281 1471 406 1517 sunt3
438 1470 489 1505 ut
509 1471 693 1518 pactum
716 1467 837 1507 inter
860 1479 908 1508 se
935 1468 1135 1509 civitatis
1155 1474 1232 1508 aut
1249 1470 1399 1521 gentis

74 1522 404 1561 consuetudine
428 1522 503 1562 vel
520 1523 625 1576 lege
644 1523 891 1573 firmatum,
912 1524 1037 1564 nulla
1061 1524 1172 1565 civis
1198 1530 1276 1564 aut
1299 1536 1399 1578 per-

73 1576 223 1629 egrini
262 1577 453 1618 libidine
493 1579 709 1620 violetur.
789 1581 987 1633 Turpis
1035 1581 1176 1621 enim
1222 1581 1396 1621 omnis

68 1644 193 1685 pars
226 1638 312 1673 est
341 1647 439 1674 suo
472 1636 736 1676 universo
767 1649 874 1676 non
905 1649 1232 1690 congruens.
1287 1636 1397 1677 Cum

68 1694 220 1729 autem
242 1688 369 1730 Deus
395 1691 569 1745 aliquid
596 1697 753 1732 contra
776 1704 949 1733 morem
975 1698 1053 1733 aut
1075 1698 1258 1745 pactum
1288 1705 1396 1745 quo-

66 1746 283 1786 rumlibet
298 1746 445 1797 iubet,
467 1753 513 1788 et
537 1748 574 1787 si
593 1761 835 1801 numquam
852 1749 915 1789 ibi
933 1748 1104 1789 factum
1123 1754 1207 1799 est,
1227 1748 1395 1789 facien-

70 1801 174 1841 dum
193 1807 281 1853 est3
316 1807 361 1843 et
378 1804 417 1843 si
437 1804 676 1854 omissum,
694 1805 1063 1856 instaurandum3
1100 1810 1145 1845 et
1163 1806 1202 1845 si
1218 1805 1394 1846 institu-

67 1862 163 1897 tum
185 1870 275 1898 non
302 1864 419 1910 erat,
444 1860 774 1901 instituendum
802 1867 884 1902 est.
947 1861 996 1903 Si
1021 1862 1139 1902 enim
1160 1862 1262 1915 regi
1286 1861 1397 1901 licet

65 1914 112 1953 in
140 1914 346 1965 civitate,
382 1917 455 1956 cui
478 1922 663 1970 regnat,
697 1917 855 1957 iubere
881 1918 1073 1971 aliquid,
1100 1917 1223 1971 quod
1246 1928 1392 1970 neque

66 1974 170 2010 ante
197 1970 326 2010 illum
354 1972 615 2025 quisquam,
639 1985 725 2013 nec
751 1974 849 2026 ipse
868 1987 1079 2028 umquam
1098 1975 1315 2023 iusserat3
1349 1977 1394 2011 et

64 2037 156 2065 non
199 2031 359 2067 contra
398 2029 669 2069 societatem
710 2030 908 2071 civitatis
950 2032 993 2070 ei
1037 2030 1390 2083 obtemperatur,

64 2081 157 2121 imo
186 2088 346 2123 contra
373 2085 644 2125 societatem
668 2098 759 2125 non
792 2086 1132 2140 obtemperatur
1156 2084 1390 2139 (generale

67 2137 232 2191 quippe
255 2145 438 2191 pactum
464 2146 535 2181 est
558 2142 795 2182 societatis
822 2141 1044 2183 humanae
1065 2142 1253 2182 obedire
1271 2140 1388 2193 regi-

65 2191 149 2233 bus
185 2195 322 2247 suis):
370 2202 539 2250 quanto
571 2198 719 2252 magis
751 2197 853 2239 Deo
886 2198 1124 2253 regnatori
1148 2198 1388 2237 universae
