1473 2443
59 140 108 178 14
373 136 652 178 AURELH
681 135 1055 177 AUGUSTINI

54 223 153 276 quis
187 235 276 262 non
308 222 482 271 videat,
518 221 625 275 quid
649 233 950 273 responsurus
977 222 1054 270 sit,
1092 222 1166 274 qui
1192 234 1279 261 non
1308 231 1377 263 est

54 279 232 332 penitus
268 278 436 317 oblitus
471 277 565 316 sui!
596 277 847 317 Peccabam
871 290 981 330 ergo
1006 290 1138 330 puer,
1174 290 1273 317 cum
1297 279 1377 318 illa

51 335 205 374 inania
224 334 324 373 istis
343 333 605 372 utilioribus
630 345 785 372 amore
811 334 1168 385 praeponebam3
1201 333 1274 373 vel
1298 346 1375 386 po-

52 391 142 430 tius
174 391 264 429 ista
291 390 498 437 oderam,
531 389 613 427 illa
640 389 857 429 amabam.
919 389 1009 428 lam
1037 402 1145 428 vero
1172 403 1305 428 unum
1335 394 1379 428 et

56 459 190 485 unum
217 445 328 493 duo,
357 444 444 484 duo
474 449 519 483 et
544 444 632 484 duo
659 449 874 497 quatuor,
904 445 1065 485 odiosa
1089 445 1239 484 cantio
1268 444 1380 484 mihi

56 507 171 551 erat,
206 506 250 539 et
290 500 601 540 dulcissimum
638 500 947 553 spectaculum
984 501 1196 540 vanitatis
1238 513 1378 553 equus

57 557 237 610 ligneus
263 556 421 608 plenus
448 556 653 606 armatis,
681 561 727 595 et
750 556 919 595 Troiae
938 556 1218 606 incendium,
1245 562 1379 609 atque

54 612 197 664 ipsius
217 611 375 651 umbra
393 611 606 651 Creusae.

140 668 187 707 C.
220 666 338 707 XIV.
400 667 488 706 Cur
514 679 623 720 ergo
645 666 866 707 Graecam
885 668 1021 707 etiam
1042 669 1380 722 grammaticam

59 723 245 763 oderam
277 722 390 762 talia
416 722 697 762 cantantemss
727 721 841 767 Nam
875 728 919 762 et
943 724 1171 763 Homerus
1205 724 1379 776 peritus

56 785 213 819 texere
231 778 348 818 tales
365 777 579 827 fabellas,
600 784 645 818 ct
663 778 927 818 dulcissime
946 794 970 818 v
975 792 1085 820 anus
1106 784 1189 829 est,
1211 785 1256 819 et
1271 778 1384 818 mihi

58 841 208 875 tamen
246 847 427 873 amarus
468 839 567 874 erat
604 847 761 887 puero.
825 835 971 874 Credo
1014 836 1156 875 etiam,
1193 834 1382 875 Graecis

56 891 209 944 pueris
225 889 447 943 Virgilius
462 891 526 929 ita
538 890 611 939 sit,
629 903 729 929 cum
744 902 844 929 eum
861 891 927 930 sic
946 891 1123 931 discere
1144 897 1383 944 coguntur,

57 951 106 986 ut
125 958 210 999 ego
230 946 373 986 illum.
406 945 635 986 Videlicet
654 945 917 995 difficultas,
938 947 1178 987 difficultas
1200 947 1382 986 omnino

58 1001 331 1042 ediscendae
362 1001 632 1055 peregrinae
665 1001 875 1055 linguae,
904 1003 1034 1054 quasi
1065 1002 1175 1043 felle
1202 1003 1383 1056 adsper-

58 1058 196 1112 gebat
222 1069 376 1097 omnes
406 1058 654 1097 suavitates
677 1057 876 1097 Graecas
903 1057 1215 1098 fabulosarum
1233 1071 1384 1098 narra-

57 1114 247 1154 tionum.
306 1112 444 1153 Nulla
477 1113 596 1152 enim
627 1113 767 1152 verba
789 1113 871 1152 illa
893 1126 1130 1163 noveram,
1166 1120 1212 1154 et
1234 1115 1383 1154 saevis

59 1169 312 1209 terroribus
339 1182 390 1208 ac
407 1169 589 1221 poenis,
617 1173 667 1208 ut
683 1181 888 1218 nossem,
913 1170 1167 1210 instabatur
1183 1168 1295 1209 mihi
1313 1182 1385 1209 ve-

60 1224 306 1265 hementer.
366 1224 481 1265 Nam
509 1230 555 1264 et
573 1224 738 1264 Latina
756 1225 998 1278 aliquando
1021 1225 1188 1274 (infans
1207 1226 1384 1278 utique)

60 1281 184 1320 nulla
210 1293 445 1331 noveram3
480 1287 525 1320 et
547 1285 697 1320 tamen
717 1280 995 1321 advertendo
1017 1281 1154 1320 didici
1173 1281 1270 1321 sine
1289 1281 1383 1320 ullo

58 1342 183 1376 metu
207 1342 341 1389 atque
368 1337 593 1385 cruciatu,
617 1336 737 1376 inter
760 1337 896 1376 etiam
919 1337 1229 1376 blandimenta
1246 1337 1385 1376 nutri-

60 1405 181 1441 cum,
217 1398 262 1431 et
295 1393 398 1432 ioca
422 1392 741 1442 arridentium,
776 1397 822 1432 et
845 1393 1046 1432 laetitias
1071 1393 1382 1433 alludentium.

58 1448 213 1487 Didici
238 1460 344 1487 vero
371 1448 453 1487 illa
480 1448 577 1487 sine
602 1447 787 1500 poenali
812 1461 950 1488 onere
976 1449 1256 1501 urgentium,
1286 1461 1386 1488 cum

58 1516 128 1544 me
144 1509 328 1557 urgeret
343 1516 421 1543 cor
438 1516 586 1543 meum
606 1504 662 1543 ad
680 1504 865 1556 pa1iend
874 1517 899 1544 a
917 1512 1138 1557 concepta
1155 1517 1250 1554 sua,
1268 1516 1382 1557 quae

60 1573 149 1599 non
172 1572 377 1611 possem,
405 1560 491 1599 nisi
516 1560 668 1612 aliqua
682 1575 706 1599 x
712 1560 820 1599 erba
839 1560 1122 1609 didicissem,
1153 1572 1244 1599 non
1262 1572 1287 1599 a
1306 1559 1382 1599 do

61 1616 290 1664 centibus,
317 1615 396 1654 sed
422 1628 447 1654 a
470 1616 785 1668 loquentibus,
814 1616 859 1655 in
884 1629 1074 1669 quoium
1100 1621 1145 1655 et
1163 1627 1247 1667 ego
1269 1616 1385 1654 auri-

58 1671 142 1710 bus
187 1646 492 1723 palt'uriebam
529 1671 748 1723 quidquid
787 1673 1052 1711 sentiebam.
1112 1671 1233 1710 Hine
1274 1671 1385 1710 satis

61 1727 225 1775 elucet,
246 1727 464 1766 maiorem
485 1725 651 1765 habere
671 1726 759 1765 vim
778 1727 834 1765 ad
855 1727 1073 1767 discenda
1090 1727 1179 1766 ista
1196 1726 1385 1766 liberam

61 1782 394 1831 curiositatem,
415 1794 546 1834 quam
564 1782 880 1821 meticulosam
900 1783 1233 1822 necessitatem.
1296 1782 1387 1822 Sed

59 1837 182 1877 illius
201 1836 368 1877 fluxum
388 1836 500 1876 haec
517 1837 753 1889 restringit
768 1837 946 1890 legibus
966 1839 1054 1878 tuis
1068 1867 1078 1887 ,
1104 1838 1253 1887 Deus,
1273 1837 1385 1890 legi-

58 1893 141 1932 bus
168 1893 259 1932 tuis
285 1905 310 1932 a
333 1893 654 1946 magistrorum
678 1892 838 1932 ferulis
868 1907 1009 1947 usque
1034 1895 1090 1933 ad
1108 1894 1385 1933 tentationes

58 1954 329 2002 martyrum,
363 1949 615 1988 valentibus
636 1949 813 2001 legibus
841 1953 930 1989 tuis
956 1951 1148 1990 miscere
1180 1950 1385 1989 salubres

62 2004 410 2053 amaritudines,
435 2010 703 2044 revocantes
731 2017 813 2044 nos
833 2007 889 2046 ad
906 2012 950 2046 te
967 2020 992 2046 a
1008 2006 1291 2046 iocunditate
1312 2018 1384 2059 pe-

62 2060 243 2110 stifera,
272 2073 358 2113 qua
381 2060 654 2100 recessimus
673 2073 699 2099 a
716 2065 775 2099 te.

149 2117 195 2156 C.
228 2116 326 2157 XV.
388 2116 585 2164 Exaudi,
606 2116 816 2166 Domine,
839 2117 1207 2170 deprecationem
1225 2129 1386 2166 meam,

66 2188 119 2215 ne
140 2173 322 2214 deficiat
341 2172 489 2211 anima
505 2185 606 2211 mea
624 2171 704 2210 sub
727 2172 967 2226 disciplina
984 2179 1082 2225 tua;
1115 2186 1260 2227 neque
1281 2173 1387 2212 defi-

67 2232 180 2271 ciam
222 2231 267 2270 in
302 2228 560 2271 coufitendo
596 2228 680 2267 tibi
708 2229 1028 2270 miserationes
1062 2237 1185 2281 tuas,
1226 2230 1386 2284 quibus
