1514 2438
356 87 906 131 CONFESSIONUM
941 88 1068 130 LIB.
1100 90 1134 131 I.
1380 90 1407 130 ’ἰ

77 188 177 216 mos
202 172 472 229 reprehendi
498 186 591 224 me,
617 185 703 215 nec
725 174 844 215 ratio
864 174 1058 216 sinebat.
1115 173 1229 216 Nam
1249 174 1410 214 exstir-

76 245 234 285 pamus
263 238 308 272 et
334 232 539 271 eiicimus
565 231 657 270 ista
681 236 957 271 crescentes.
1016 230 1113 271 Nec
1136 231 1231 271 vidi
1258 243 1408 283 quem·

78 301 213 340 quam
231 289 450 327 scientem
463 317 473 337 ,
502 300 602 326 cum
623 286 797 339 aliquid
814 292 1000 340 purgat,
1027 287 1148 327 bona
1164 287 1408 340 proiicere.

77 347 144 386 An
164 356 246 397 pro
271 349 476 396 tempore
497 343 632 382 etiam
652 342 735 382 illa
750 342 872 381 bona
891 349 1039 393 erant,
1065 342 1215 383 flendo
1235 347 1407 396 petere,

79 402 216 439 etiam
236 400 357 452 quod
375 400 511 439 noxie
533 399 739 448 daretur3
763 398 990 451 indignari
1011 399 1178 439 acriter
1196 411 1287 438 non
1306 398 1409 438 sub-

75 456 209 495 iectis
236 454 511 505 hominibus,
530 455 687 494 liberis
707 459 753 494 et
769 454 1035 504 maioribus,
1062 453 1245 509 hisque,
1270 467 1297 494 a
1314 454 1409 508 qui-

77 511 160 551 bus
180 512 362 565 genitus
383 517 473 561 est3
494 511 742 564 multisque
760 516 1001 563 praeterea
1018 510 1406 563 prudentioribus,

76 580 167 607 non
196 567 252 607 ad
276 573 433 607 nutum
458 567 707 607 voluntatis
729 566 1170 620 obtemperantibus,
1195 565 1403 606 feriendo

76 635 244 663 nocere
284 624 389 673 niti,
432 629 647 676 quantum
684 627 861 675 potest,
902 622 1009 676 quia
1064 636 1153 663 non
1196 622 1408 663 obeditur

75 680 303 732 imperiis,
332 680 493 733 quibus
519 679 779 732 perniciose
802 678 1090 719 obediretur?
1120 679 1187 719 Ita
1204 679 1407 718 imbecil-

75 735 182 775 litas
209 735 515 776 membrorum
542 734 820 775 infantilium
846 735 1067 775 innocens
1088 741 1178 785 est,
1204 748 1294 774 non
1315 735 1405 774 ani-

74 804 172 831 mus
196 791 451 833 infantium.
510 791 619 832 Vidi
644 803 730 845 ego
757 797 802 831 et
828 796 1041 844 expertus
1066 805 1163 831 sum
1182 791 1406 831 zelantem

74 848 330 900 parvulum:
351 847 549 887 nondum
564 847 852 901 loquebatur,
869 854 914 887 et
932 847 1193 897 intuebatur
1209 847 1405 900 pallidus

76 916 230 943 amaro
251 904 471 957 adspectu
491 904 823 944 collactaneum
843 917 987 944 suum.
1043 903 1154 953 Quis
1174 902 1261 943 hoc
1278 904 1406 957 igno-

74 959 170 999 rat(l
200 960 398 1013 Expiare
435 972 483 1000 se
518 960 674 1000 dicunt
703 959 795 1000 ista
826 965 994 1000 matres
1030 967 1164 1014 atque
1205 961 1406 999 nutrices

74 1016 232 1055 nescio
259 1016 421 1070 quibus
445 1015 681 1056 remediis:
714 1016 802 1056 nisi
829 1028 937 1056 vero
967 1023 1013 1056 et
1036 1016 1408 1057 istainnocentia

77 1077 161 1120 est,
176 1072 223 1111 in
237 1071 365 1112 fonte
380 1072 513 1112 lactis
532 1071 728 1112 ubertim
746 1078 957 1112 manante
978 1077 1113 1125 atque
1133 1072 1407 1121 abundante,

76 1128 175 1180 opis
196 1128 556 1181 egentissimum,
576 1128 711 1168 etillo
732 1126 878 1168 adhuc
897 1141 986 1168 uno
1014 1129 1230 1168 alimento
1268 1128 1401 1167 vitam

75 1183 316 1224 ducentem
335 1190 595 1224 consortem
612 1197 702 1224 non
719 1186 828 1239 pati.
862 1184 951 1226 Sed
969 1185 1134 1225 blande
1154 1183 1408 1225 tolerantur

75 1237 209 1290 haee,
235 1253 325 1280 non
337 1241 663 1294 quianullavel
685 1241 933 1294 parva,sed
956 1241 1063 1295 quia
1080 1241 1243 1281 aetatis
1256 1252 1407 1280 acees-

75 1309 127 1335 su
145 1297 351 1350 peritura
369 1302 486 1336 sunt.
509 1297 642 1345 Quod
661 1297 963 1350 licetprobes‚
979 1295 1282 1350 cum[tamen]
1296 1295 1403 1335 ferri

74 1364 221 1405 aequo
249 1353 398 1392 animo
419 1353 577 1392 eadem
596 1354 696 1405 ipsa
715 1365 803 1393 non
820 1359 1039 1406 possunt,
1065 1352 1244 1405 quando
1264 1353 1307 1391 in
1328 1352 1406 1390 ali-

75 1420 163 1460 quo
185 1409 430 1448 annosiore
451 1407 864 1462 deprehenduntur.
926 1410 997 1448 Tu
1014 1409 1191 1462 itaque,
1210 1407 1406 1447 Domine

72 1462 199 1504 Deus
219 1476 362 1514 meus,
380 1464 457 1517 qui
476 1464 644 1504 dedisti
663 1465 802 1504 vitam
820 1463 999 1513 infanti,
1018 1469 1063 1504 et
1084 1477 1264 1517 corpus,
1285 1463 1407 1516 quod

70 1520 150 1569 ita,
170 1525 217 1560 ut
228 1520 449 1570 videmus,
463 1520 725 1561 instruxisti
738 1520 963 1571 sensibus,
981 1520 1255 1574 compegisti
1268 1532 1405 1559 mem-

70 1575 180 1627 bris,
201 1577 349 1630 figura
367 1576 613 1627 decorasti,
633 1589 807 1630 proque
830 1577 928 1617 eius
947 1577 1247 1616 universitate
1268 1581 1402 1628 atque

69 1632 387 1672 incolumitate
408 1644 564 1672 omnes
581 1638 771 1673 conatus
792 1633 1033 1672 animantis
1052 1632 1314 1680 insinuasti,
1337 1632 1402 1671 iu-

69 1686 151 1728 bes
170 1701 240 1728 me
259 1688 447 1729 laudare
466 1693 511 1728 te
529 1689 576 1728 in
594 1689 712 1739 istis,
733 1694 778 1729 et
797 1689 1007 1729 confiteri
1025 1688 1123 1738 tibi,
1143 1695 1188 1728 et
1204 1688 1401 1741 psallere

69 1745 244 1784 nomini
269 1750 372 1795 tuo,
407 1745 652 1785 altissime:
687 1746 793 1798 quia
815 1744 942 1785 Deus
970 1757 1017 1785 es
1044 1745 1330 1797 omnipotens
1357 1750 1402 1783 et

69 1799 239 1851 bonus,
276 1801 453 1841 etiamsi
491 1801 592 1841 sola
621 1802 713 1841 ista
736 1801 949 1851 fecisses,
988 1813 1103 1854 quae
1124 1813 1257 1840 nemo
1283 1800 1399 1839 alius

70 1861 226 1908 potest
256 1856 432 1907 fac-ere,
465 1857 551 1897 nisi
582 1863 631 1897 tu
654 1870 763 1908 une,
799 1871 824 1896 a
848 1870 935 1911 quo
963 1863 1034 1897 est
1058 1856 1203 1897 omnis
1221 1856 1399 1905 modus,

69 1912 422 1963 formosissime,
449 1915 525 1966 qui
543 1912 715 1953 formas
735 1914 882 1953 onmia
897 1946 908 1967 ‚
937 1919 981 1954 et
998 1914 1101 1967 lege
1119 1918 1197 1953 tua
1216 1913 1398 1952 ordinas

69 1970 234 2008 omnia.
267 1969 400 2009 Hanc
419 1981 530 2023 ergo
551 1975 770 2019 aetatem,
788 1968 1001 2019 Domine,
1024 1982 1154 2022 quam
1172 1981 1243 2009 me
1262 1968 1398 2007 vixis-

68 2036 116 2064 se
150 2038 242 2065 non
274 2025 480 2075 memini,
517 2025 572 2065 de
607 2038 695 2078 qua
728 2026 831 2065 aliis
861 2025 1057 2075 credidi,
1093 2031 1138 2066 et
1170 2037 1300 2078 quam
1324 2035 1395 2062 me

69 2081 220 2133 egisse
258 2093 314 2121 ex
347 2081 448 2121 aliis
482 2080 732 2121 infantibus
768 2082 969 2131 conieci,
1006 2093 1274 2134 quamquam
1308 2080 1396 2118 ista

66 2137 254 2176 multum
274 2137 365 2176 fida
379 2136 644 2177 coniectura
657 2137 729 2186 sit,
744 2137 874 2190 piget
886 2150 956 2177 me
977 2148 1271 2176 annumerare
1293 2133 1395 2173 huic

67 2191 187 2232 vitae
221 2205 372 2244 meae,
408 2204 541 2246 quain
571 2193 675 2233 vivo
710 2193 755 2233 in
788 2191 875 2233 hoc
902 2192 1105 2234 saeculo.
1168 2192 1392 2240 Quantum
