1514 2438
267 94 811 161 CONFESSIONUM
848 93 1055 135 LIBER
1085 92 1221 134 XIII.
1324 91 1401 131 251

77 184 359 228 mutabiliter
377 193 513 235 super
532 191 662 221 omne
680 179 913 220 mutabile.
961 178 1176 232 Alioquin
1196 182 1240 217 et
1256 177 1407 230 ipsum

78 243 257 284 coelum
292 239 411 280 coeli
438 237 687 278 tenebrosa
722 237 915 288 abyssus
950 240 1074 275 esset
1104 235 1149 274 in
1185 246 1254 283 se3
1287 244 1406 272 nunc

80 305 232 339 autem
256 297 336 337 lux
354 295 487 335 estin
504 293 720 333 Domino.
780 292 894 332 Nam
914 297 959 331 et
975 292 1021 331 in
1037 292 1139 344 ipsa
1155 290 1325 330 misera
1340 289 1407 328 in-

85 352 350 409 quietudine
370 349 667 392 defluentium
685 348 923 401 spirituum
935 379 946 398 ‚
968 353 1012 387 et
1028 347 1325 387 indicantium
1343 351 1408 383 te-

84 410 249 451 nebras
276 421 380 449 suas
398 406 592 447 nudatas
612 410 739 445 veste
757 405 941 445 luminis
958 404 1048 454 tui,
1074 403 1209 444 satis
1235 405 1408 440 osten-

85 467 189 516 dis,
221 477 370 519 quam
399 474 637 516 magnam
661 466 964 502 ereaturam
987 458 1317 499 rationalem
1339 455 1408 495 fe-

85 523 246 571 ceris,
278 520 365 561 cui
388 519 535 559 nullo
566 518 721 558 modo
755 516 971 558 sufficit
1000 516 1061 556 ad
1089 515 1303 555 beatam
1334 523 1410 552 re-

86 579 261 633 quiem
293 574 553 630 quidquid
584 580 636 614 te
660 575 833 613 minus
859 578 959 622 est,
991 585 1049 612 ae
1072 583 1166 624 per
1190 569 1291 610 hoc
1313 580 1409 608 nec

80 636 202 688 ipsa
223 634 341 674 sibi.
402 632 474 671 Tu
492 631 626 680 enim,
645 629 771 670 Deus
790 634 968 677 noster,
988 627 1267 668 illuminabis
1285 630 1411 664 tene-

83 692 190 731 bras
222 695 425 729 nostras:
460 698 517 726 ex
551 692 596 727 te
625 687 834 726 oriuntur
856 685 1131 725 vestimenta
1154 687 1330 729 nostra,
1366 684 1412 718 et

83 745 302 787 tenebrae
328 749 514 783 nostrae
543 743 661 784 sicut
684 741 901 782 meridies
922 746 1066 781 erunt.
1126 739 1198 778 Da
1219 735 1331 778 mihi
1347 742 1410 784 te,

84 803 211 843 Deus
234 813 383 849 meus,
408 798 550 839 redde
573 797 687 838 mihi
706 803 772 839 te:
806 809 861 838 en
879 810 1003 847 amo,
1029 801 1073 836 et
1091 796 1307 848 siparum
1325 796 1410 840 est,

89 871 235 898 amem
252 856 463 896 validius.
523 853 627 895 Non
644 867 830 908 possum
849 853 1014 902 metiri,
1028 858 1079 892 ut
1097 852 1253 900 sciam,
1273 861 1410 902 quan·

87 921 181 955 tum
204 914 325 954 desit
347 910 459 952 mihi
484 910 653 951 amoris
673 910 729 950 ad
746 911 816 960 id,
842 908 965 963 quod
984 914 1056 949 sat
1074 913 1164 957 est,
1189 912 1240 946 ut
1259 908 1414 945 currat

86 972 183 1011 vita
201 981 304 1009 mea
319 969 367 1008 in
384 966 617 1020 amplexus
637 972 758 1016 tuos,
775 978 860 1005 nee
880 970 1126 1013 avertatur,
1146 963 1292 1003 donee
1312 960 1412 1000 abs-

89 1026 312 1067 condatur
351 1025 398 1064 in
438 1022 709 1063 abscondito
760 1022 912 1062 vultus
945 1021 1028 1062 tui.
1086 1019 1191 1060 Hoc
1233 1022 1415 1058 tantum

88 1083 206 1132 scio,
228 1081 334 1135 quia
349 1079 483 1120 male
508 1077 636 1119 mihi
659 1082 743 1119 est
763 1083 989 1131 praeter
1009 1082 1085 1127 te,
1109 1088 1214 1116 non
1242 1074 1415 1114 solum

89 1144 242 1179 extra
268 1149 369 1187 me,
410 1136 507 1176 sed
537 1140 592 1176 et
616 1136 669 1175 in
698 1147 776 1175 me
807 1134 957 1187 ipsc,
997 1138 1052 1174 et
1081 1132 1251 1173 omnis
1281 1128 1414 1170 mihi

89 1195 268 1249 copia,
293 1204 425 1248 quae
448 1191 591 1232 Deus
615 1204 716 1231 non
744 1196 849 1240 est,
874 1194 1095 1244 egestas
1121 1193 1216 1228 est.

172 1250 219 1291 C.
246 1249 323 1289 IX.
383 1248 613 1302 Numquid
638 1252 715 1287 aut
732 1246 872 1286 Pater
892 1251 971 1286 aut
986 1245 1130 1285 Filius
1150 1255 1242 1283 non
1259 1253 1397 1294 super
1414 1263 1417 1268 ·

87 1306 322 1347 ferebatur
354 1316 491 1356 super
520 1303 688 1356 aquas}
719 1302 766 1345 Si
793 1309 1021 1355 tamquam
1043 1301 1148 1340 loco
1173 1299 1293 1338 sicut
1316 1308 1415 1337 cor-

89 1376 193 1416 pus,
218 1374 302 1400 nec
327 1359 524 1413 Spiritus
550 1364 755 1408 sanctus;
789 1358 828 1398 si
852 1363 1003 1397 autem
1025 1352 1414 1395 incommutabilis

92 1416 344 1458 divinitatis
371 1415 618 1455 eminentia
635 1426 771 1466 super
791 1425 922 1453 omne
940 1411 1182 1460 mutabile,
1210 1415 1256 1449 et
1276 1408 1416 1448 Pater

92 1480 137 1515 et
166 1473 312 1515 Filius
347 1477 393 1512 et
427 1470 623 1523 Spiritus
656 1475 840 1510 sanctus
874 1467 1246 1522 superferebatur
1279 1476 1417 1517 super

91 1542 246 1584 aquas.
308 1528 399 1567 Cur
431 1539 541 1580 ergo
565 1531 742 1566 tantum
766 1525 821 1565 de
848 1524 1020 1577 Spiritu
1042 1529 1121 1563 tuo
1150 1522 1321 1562 dictum
1346 1525 1417 1560 est

92 1585 204 1626 hoc?
235 1585 325 1624 Cur
349 1583 403 1624 de
427 1583 509 1623 illo
533 1588 709 1622 tantum
734 1582 905 1622 dic-tum
932 1586 1021 1630 est,
1047 1581 1177 1633 quasi
1199 1578 1329 1618 locus
1348 1576 1414 1616 ibi

90 1646 233 1691 esset,
268 1640 345 1694 qui
378 1652 468 1679 non
504 1644 573 1679 est
606 1639 757 1688 locus,
795 1637 849 1678 de
885 1649 972 1691 quo
1004 1636 1104 1677 solo
1133 1635 1303 1675 dictum
1329 1637 1414 1681 est,

92 1697 214 1752 quod
247 1697 307 1737 sit
340 1695 508 1735 donum
538 1694 691 1735 tuum'.l
718 1694 768 1734 In
804 1694 924 1734 dono
957 1698 1035 1733 tuo
1061 1691 1414 1745 requiescimus;

88 1754 155 1793 ibi
176 1758 221 1792 te
239 1751 445 1792 fruimur.
506 1751 706 1805 Requies
725 1755 884 1790 nostra
900 1750 1029 1790 locus
1047 1753 1220 1788 noster.
1277 1746 1417 1785 Amor

87 1809 200 1848 illuc
227 1807 410 1848 adtolli-t
433 1819 538 1857 nos,
564 1813 609 1847 et
624 1804 824 1861 Spiritus
848 1811 953 1846 tuus
979 1805 1127 1845 bonus
1147 1803 1320 1843 exaltat
1337 1799 1416 1840 hu-

90 1865 332 1905 militatem
356 1868 558 1903 nostram
582 1863 636 1903 de
655 1863 801 1916 portis
820 1862 997 1902 mortis.
1057 1860 1106 1899 In
1120 1860 1242 1899 bona
1258 1857 1416 1897 volun·

89 1925 185 1961 tate
216 1931 307 1972 pax
339 1918 472 1959 nobis
500 1923 582 1959 est.
645 1919 819 1971 Corpus
844 1918 1048 1971 pondere
1066 1928 1149 1956 suo
1174 1915 1335 1954 nititur
1359 1911 1418 1951 ad

89 1977 243 2017 locum
261 1987 406 2016 suum.
466 1973 651 2015 Pondus
670 1987 762 2014 non
781 1974 836 2014 ad
853 1974 944 2013 ima
960 1978 1135 2013 tantum
1154 1975 1239 2019 est,
1258 1968 1340 2008 sed
1358 1966 1417 2007 ad

91 2032 245 2072 locum
277 2042 422 2071 suum.
480 2029 604 2084 Ignis
640 2043 818 2071 sursum
839 2029 1007 2079 tendit,
1044 2028 1258 2068 deorsum
1280 2024 1414 2077 lapis.

90 2087 379 2128 Ponderibus
413 2086 507 2125 suis
539 2091 754 2140 aguntur,
786 2086 892 2126 loca
916 2098 998 2125 sua
1020 2086 1192 2138 petunt.
1255 2079 1418 2118 Oleum

91 2143 213 2184 infra
237 2154 400 2196 aquam
419 2140 571 2181 fusum
589 2154 725 2195 supra
741 2154 904 2196 aquam
923 2140 1179 2186 adtollitur3
1212 2148 1329 2188 aqua
1346 2148 1417 2174 su-

90 2212 174 2254 pra
193 2199 344 2239 oleum
362 2197 465 2238 fusa
482 2196 604 2237 infra
622 2198 771 2238 oleum
791 2198 1086 2250 demergitur.
1130 2190 1418 2233 Ponderibus
