1473 2443
96 113 171 152 136
411 110 688 151 AURELII
717 109 1091 152 AUGUSTINI

89 196 385 237 tenuissimae
418 194 643 234 voluntati
675 195 871 246 animae,
903 198 954 236 ut
983 194 1041 236 ad
1062 200 1219 237 nutum
1239 199 1401 237 mentis

88 252 290 293 membra
306 256 611 300 moverentur,
632 263 761 303 quam
779 252 880 304 ipsa
896 252 986 291 sibi
1003 253 1154 292 anima
1172 252 1229 292 ad
1247 253 1402 293 volun-

87 314 227 349 tatem
245 319 373 347 suam
386 318 595 359 magnam
611 306 657 346 in
677 307 776 347 sola
794 307 1026 348 voluntate
1045 308 1380 361 perficiendam.

171 364 220 403 C.
249 363 326 402 IX.
385 362 513 402 Unde
533 360 619 402 hoc
635 367 901 413 monstrum,
921 369 967 404 et
984 377 1121 417 quare
1140 364 1287 404 istud?
1315 364 1404 403 Lu-

90 425 191 460 ceat
212 418 530 459 misericordia
552 422 653 468 tua,
695 423 741 458 et
760 419 1061 473 interrogem,
1090 421 1129 460 si
1150 420 1272 460 forte
1295 419 1407 459 mihi

87 475 368 528 respondere
391 473 570 526 possint
589 474 791 514 latebrae
815 487 1062 528 poenarum
1080 474 1333 525 hominum,
1362 480 1407 515 et

88 530 495 572 tenebrosissimae
520 530 820 570 contritiones
846 531 1044 571 filiorum
1064 532 1218 572 Adam.
1277 531 1405 571 Unde

90 586 178 627 hoc
211 590 480 635 monstrum,
514 590 562 625 et
592 598 730 638 quare
763 586 910 626 istud&
944 586 1173 641 Imperat
1204 588 1406 627 animus

92 642 331 696 corpori,
374 647 426 682 et
461 647 681 694 paretur
711 642 909 693 statim3
941 643 1172 696 imperat
1202 645 1405 683 animus

91 699 217 748 sibi,
249 703 300 738 et
326 698 616 737 resistitur.
677 697 873 750 Imperat
889 699 1082 748 animus,
1108 703 1156 738 ut
1170 704 1408 738 moveatur

89 767 269 803 manus,
295 758 340 793 et
357 757 484 792 tanta
501 758 571 793 est
586 753 806 804 facilitas,
825 759 875 793 ut
893 754 969 794 vix
986 767 1012 793 a
1029 755 1215 794 servitio
1239 754 1408 795 discer-

89 816 224 850 natur
239 809 494 861 imperium:
529 813 575 848 et
593 810 766 849 animus
787 810 960 849 animus
981 815 1065 859 est,
1082 823 1240 849 manus
1257 814 1405 849 autem

92 878 258 918 corpus
278 870 361 905 est.
418 865 615 917 Imperat
633 865 823 914 animus,
841 869 892 904 ut
907 865 1019 905 velit
1035 869 1223 914 animus,
1246 877 1328 905 nec
1346 865 1407 903 al-

89 926 161 961 ter
179 925 262 970 est,
276 932 359 960 nec
377 919 490 960 facit
506 925 671 961 tamen.
702 920 829 961 Unde
849 919 935 961 hoc
952 927 1219 970 monstrum,
1239 925 1284 960 et
1302 932 1410 972 qua-

89 988 139 1017 re
157 976 303 1016 istud?
333 976 550 1028 Imperat,
574 977 776 1030 inquam,
800 984 850 1016 ut
866 977 995 1026 velit,
1016 978 1090 1030 qui
1109 990 1198 1016 non
1217 977 1405 1029 impera-

89 1038 181 1083 ret,
205 1032 297 1072 nisi
319 1032 478 1082 vellet3
512 1038 558 1072 et
574 1044 664 1071 non
683 1032 753 1081 fit,
779 1032 901 1084 quod
919 1033 1123 1085 imperat.
1186 1031 1284 1072 Sed
1307 1043 1407 1070 non

92 1101 154 1129 ex
177 1093 289 1128 toto
320 1088 449 1138 vult3
482 1100 581 1127 non
606 1099 730 1140 ergo
757 1098 818 1126 ex
839 1093 955 1127 toto
979 1089 1223 1140 imperat.
1282 1086 1408 1127 Nam

88 1145 143 1183 in
166 1148 366 1184 tantum
389 1144 632 1196 imperat,
655 1143 703 1182 in
731 1142 980 1195 quantum
1005 1144 1138 1192 vult,
1160 1143 1283 1183 etin
1300 1148 1407 1183 tan-

90 1206 196 1240 tum
227 1212 330 1239 non
370 1198 455 1249 fit,
491 1198 629 1252 quod
661 1199 912 1252 imperat,
950 1199 1001 1238 in
1034 1203 1282 1251 quantum
1307 1210 1407 1237 non

89 1256 222 1306 vult3
256 1255 468 1309 quoniam
486 1255 696 1296 voluntas
713 1255 919 1307 imperat,
938 1259 987 1294 ut
1004 1255 1063 1294 sit
1078 1254 1303 1303 voluntas,
1323 1265 1407 1293 nec

92 1312 202 1361 alia,
226 1310 308 1350 sed
328 1311 442 1363 ipsa.
500 1309 603 1350 Non
624 1310 780 1362 utique
799 1310 933 1362 plena
950 1311 1160 1364 imperat3
1192 1310 1297 1350 ideo
1316 1321 1408 1349 non

93 1372 184 1417 est,
211 1366 333 1419 quod
350 1367 557 1419 imperat.
616 1364 729 1406 Nam
749 1366 788 1405 si
806 1366 938 1419 plena
956 1371 1097 1416 esset,
1115 1377 1200 1406 nec
1215 1366 1406 1418 impera-

89 1428 181 1472 ret,
204 1428 254 1462 ut
278 1427 423 1473 esset,
451 1422 557 1475 quia
573 1422 662 1461 iam
685 1427 821 1462 esset.
879 1420 981 1461 Non
998 1422 1140 1476 igitur
1155 1426 1408 1461 monstrum

89 1479 256 1532 partim
278 1478 418 1528 velle,
443 1478 609 1532 partim
632 1477 772 1528 nolle3
805 1477 884 1517 sed
905 1478 1145 1531 aegritudo
1166 1478 1302 1517 animi
1320 1482 1406 1527 est,

91 1534 197 1587 quia
220 1546 310 1573 non
332 1539 456 1574 totus
476 1534 684 1587 adsurgit
699 1533 892 1572 veritate
912 1534 1193 1583 sublevatus,
1216 1545 1406 1573 consue=

88 1589 245 1629 tudine
269 1595 611 1643 praegravatus.
670 1589 728 1628 Et
750 1589 856 1629 ideo
875 1594 980 1629 sunt
997 1589 1110 1629 duae
1130 1589 1404 1637 voluntates,

89 1646 195 1698 quia
206 1657 295 1684 una
313 1657 466 1685 earum
483 1650 583 1685 tota
599 1657 687 1685 non
708 1650 791 1695 est,
806 1649 852 1684 et
868 1643 954 1684 hoc
972 1645 1102 1685 adest
1118 1644 1264 1694 alteri,
1284 1643 1405 1697 quod

90 1701 221 1740 deest
239 1700 384 1740 alteri.

174 1756 222 1796 C„
246 1756 302 1796 X.
362 1755 561 1796 Pereant
582 1768 608 1795 a
628 1755 746 1795 facie
764 1760 860 1805 tua,
885 1754 1032 1805 Deus,
1061 1755 1195 1794 sicuti
1213 1758 1406 1808 pereunt

88 1812 321 1864 vaniloqui
348 1816 393 1851 et
409 1811 572 1851 mentis
592 1812 878 1860 seductores,
905 1812 980 1863 qui
999 1823 1096 1850 cum
1116 1812 1225 1850 duas
1247 1810 1403 1850 volun-

88 1871 208 1907 tates
232 1868 278 1905 in
305 1867 600 1906 deliberando
628 1866 1046 1915 animadverterint,
1082 1866 1191 1906 duas
1217 1871 1401 1905 naturas

91 1922 278 1962 duarum
295 1923 513 1961 mentium
531 1934 633 1961 esse
651 1921 935 1971 adseverant,
950 1934 1084 1961 unam
1098 1922 1276 1970 bonam,
1292 1920 1402 1959 alte-

87 1990 185 2017 ram
201 1977 379 2017 malam.
440 1977 529 2030 Ipsi
547 1989 652 2017 vere
670 1977 778 2017 mali
797 1984 919 2026 sunt,
947 1990 1047 2016 cum
1065 1978 1154 2017 ista
1170 1976 1289 2016 mala
1307 1987 1405 2015 sen-

89 2034 230 2083 tiunt,
256 2037 302 2072 et
316 2032 455 2072 iidem
472 2033 560 2085 ipsi
575 2032 685 2072 boni
703 2038 852 2082 erunt,
880 2033 919 2073 si
937 2045 1044 2072 vera
1062 2032 1304 2079 senserint,
1331 2042 1404 2069 ve-

90 2090 244 2142 risque
264 2089 593 2137 consenserint,
607 2092 657 2127 ut
675 2088 796 2128 dicat
816 2090 881 2128 eis
894 2088 1138 2141 Apostolus
1156 2092 1277 2126 tuus:
1297 2084 1403 2125 Fui-

90 2144 168 2184 stis
200 2144 432 2198 aliquando
466 2143 687 2192 tenebrae,
721 2157 834 2184 mmo
861 2152 1003 2184 autem
1031 2145 1103 2183 lux
1124 2142 1169 2182 in
1194 2139 1400 2181 Domino.

95 2198 280 2253 (Ephes.
298 2199 337 2250 5,
356 2199 416 2251 8.)
451 2199 532 2239 Isti
567 2199 685 2240 enim
710 2199 813 2240 dum
839 2201 997 2239 volunt
1021 2211 1121 2239 esse
1144 2199 1222 2238 lux
1244 2210 1332 2237 non
1357 2197 1403 2237 in
