1514 2438
256 69 792 114 CONFESSIONUM
821 67 1029 108 LIBER
1057 65 1116 107 X,
1268 62 1346 103 185

26 172 115 204 ram
153 161 327 201 volunt.
385 159 451 198 An
484 167 641 197 omnes
675 154 763 195 hoc
795 153 980 194 volunt}
1011 151 1101 194 Sed
1134 149 1349 204 quoniam

28 232 134 260 caro
168 215 454 268 concupiscit
477 213 694 253 adversus
723 211 955 266 spiritum,
991 216 1036 249 et
1059 208 1246 261 spiritus
1273 205 1348 245 ad-

28 289 187 316 versus
207 284 407 320 carnem,
426 275 477 310 ut
494 281 585 309 non
603 267 776 308 faciant
792 267 914 320 quod
928 266 1100 314 volunt,
1121 263 1288 304 cadunt
1304 262 1351 301 in

29 332 76 373 id
95 330 217 385 quod
236 328 402 378 valent,
423 338 569 379 eoque
589 324 795 365 contenti
813 328 935 374 sunt3
957 323 1063 376 quia
1080 321 1210 370 illud,
1230 317 1354 373 quod

32 401 121 429 non
148 386 321 434 valent,
347 396 439 424 non
460 387 637 422 tantum
658 380 837 429 volunt,
865 384 1080 433 quantum
1098 382 1169 417 sat
1187 383 1278 425 est,
1307 379 1356 414 ut

29 444 227 485 valeant.
284 440 398 482 Nam
418 450 588 492 quaero
608 437 663 477 ab
684 436 913 486 omnibus,
947 440 1097 475 utrum
1114 433 1274 474 malint
1298 430 1354 470 de

31 500 238 548 veritate,
258 510 390 551 quam
409 495 464 535 de
483 494 686 534 falsitate
707 493 922 547 gaudere.
985 492 1098 531 Tam
1116 502 1207 530 non
1227 487 1354 528 dubi·

31 562 128 597 tant
146 556 319 604 dicere,
346 553 402 593 de
420 551 615 591 veritate
636 562 684 590 se
702 549 861 599 malle,
888 560 1022 602 quam
1039 559 1130 586 non
1149 545 1359 585 dubitant

31 613 206 661 dicere,
238 611 400 650 beatos
428 620 530 648 esse
556 619 605 647 se
628 606 761 646 velle.
824 605 995 645 Beata
1028 605 1221 657 quippe
1247 601 1358 641 vita

34 674 117 713 est
142 667 395 722 gaudium
421 664 482 704 de
506 663 761 704 veritate.
795 662 899 701 Hoc
918 666 988 701 est
1002 660 1121 699 enim
1140 658 1358 713 gaudium

33 725 87 765 de
107 731 167 774 te,
187 723 263 777 qui
281 722 451 762 veritas
473 732 536 770 es,
555 719 698 769 Deus,
716 718 990 759 illuminatio
1011 728 1127 766 mea,
1149 714 1273 755 salus
1292 712 1357 753 fa·

33 782 120 821 ciei
142 791 294 829 meae,
321 778 448 818 Deus
472 789 616 817 meus.
676 775 807 815 Hanc
830 775 970 814 vitam
991 774 1174 814 beatam
1201 782 1357 811 omnes

32 837 210 886 volunt,
237 835 352 875 hanc
375 834 536 883 vitam,
563 844 679 886 quae
704 832 806 872 sola
827 830 964 871 beata
989 834 1079 879 est,
1106 839 1263 869 omnes
1282 839 1358 866 vo·

32 894 149 944 lunt;
182 891 398 947 gaudium
439 889 494 930 de
529 889 723 930 veritate
760 899 917 928 omnes
950 887 1124 928 volunt.
1183 884 1358 924 Multos

35 954 249 1002 expertus
283 960 405 996 sum,
441 946 518 1000 qui
548 945 721 986 vellent
742 943 927 994 fallere3
961 943 1039 997 qui
1065 947 1217 982 autem
1242 939 1360 987 falli,

32 1006 273 1046 neminem.
332 1002 421 1044 Ubi
452 1014 562 1057 ergo
598 1006 825 1041 noverunt
855 998 970 1040 hanc
998 999 1137 1039 vitam
1160 997 1359 1043 beatam,

34 1062 123 1102 nisi
153 1061 230 1102 ubi
262 1064 488 1100 noverunt
524 1058 662 1098 etiam
691 1055 958 1097 veritatem&
986 1057 1149 1096 Amant
1173 1054 1293 1093 enim
1317 1061 1363 1093 et

32 1120 198 1171 ipsam,
226 1119 332 1171 quia
357 1115 458 1156 falli
480 1115 655 1156 nolunt.
714 1114 775 1154 Et
800 1126 899 1154 cum
926 1117 1079 1153 amant
1095 1111 1278 1152 beatam
1297 1111 1361 1149 vi-

33 1181 125 1214 tam
140 1204 151 1223 ‚
177 1173 304 1227 quod.
319 1185 408 1213 non
431 1178 501 1212 est
518 1171 663 1221 aliud,
689 1183 822 1224 quam
842 1169 897 1210 de
915 1170 1109 1209 veritate
1129 1166 1361 1222 gaudium,

36 1231 189 1285 utique
215 1234 367 1269 amant
384 1229 522 1269 etiam
538 1228 799 1277 veritatem3
831 1239 916 1266 nec
935 1230 1160 1273 amarent,
1186 1224 1277 1264 nisi
1294 1235 1363 1262 es·

35 1292 108 1327 set
126 1286 280 1339 aliqua
298 1286 460 1325 notitia
480 1285 578 1324 eius
597 1285 644 1324 in
662 1284 885 1323 memoria
904 1295 1076 1322 eorum.
1139 1281 1229 1320 Cur
1248 1291 1357 1332 ergo

35 1355 127 1383 non
151 1342 206 1382 de
231 1342 314 1383 illa
337 1340 563 1395 gaudent}
596 1340 686 1380 Cur
710 1352 799 1379 non
822 1339 949 1378 beati
973 1336 1103 1379 sunt?
1135 1336 1254 1385 Quia
1270 1334 1362 1374 for-

34 1399 127 1439 tius
153 1403 435 1451 occupantur
457 1397 504 1436 in
527 1397 652 1446 aliis,
679 1407 795 1453 quae
818 1394 970 1448 potius
992 1406 1072 1434 eos
1092 1392 1268 1432 faciunt
1283 1391 1362 1430 mi-

35 1467 181 1505 seros,
202 1466 335 1508 quam
351 1452 466 1493 illud
483 1452 662 1501 beatos,
685 1451 808 1504 quod
826 1451 1026 1491 tenuiter
1042 1449 1360 1490 meminerunt.

35 1510 191 1551 Adhuc
215 1513 335 1551 enim
358 1508 588 1549 modicum
605 1509 758 1548 lumen
778 1512 849 1547 est
865 1507 912 1546 in
929 1505 1207 1547 hominibus.
1263 1504 1362 1543 Am-

34 1568 214 1617 bulent‚
249 1566 500 1615 ambulent,
528 1577 585 1605 ne
611 1576 691 1605 eos
715 1563 932 1604 tenebrae
959 1559 1363 1615 comprehendant.

38 1624 126 1664 Cur
144 1628 295 1663 autem
315 1622 484 1662 veritas
504 1622 625 1676 parit
644 1620 815 1670 odium,
835 1624 881 1660 et
897 1620 1108 1659 inimicus
1129 1618 1196 1658 eis
1213 1615 1363 1656 factus

39 1686 108 1721 est
132 1678 268 1719 homo
294 1686 398 1719 tuus
422 1690 579 1718 verum
595 1676 888 1730 praedicans,
915 1689 1016 1716 cum
1035 1679 1210 1715 ametur
1226 1673 1366 1713 beata

38 1737 142 1785 vita,
163 1747 276 1789 quae
295 1748 386 1775 non
406 1739 476 1774 est
492 1735 581 1774 nisi
599 1733 815 1788 gaudium
830 1732 885 1773 de
902 1733 1118 1782 >veritate3
1151 1730 1240 1770 nisi
1259 1729 1366 1782 quia

39 1793 104 1832 sic
130 1796 306 1831 amatur
330 1791 524 1841 veritas,
557 1795 608 1830 ut
631 1790 902 1843 quicumque
931 1789 1056 1828 aliud
1079 1792 1251 1836 amant,
1276 1784 1364 1825 hoc

40 1847 161 1902 quod
191 1852 344 1887 amant
373 1847 517 1887 velint
540 1858 643 1887 esse
666 1846 927 1895 veritatem3
962 1850 1007 1885 et
1030 1845 1137 1898 quia
1160 1842 1261 1883 falli
1284 1854 1363 1881 no-

40 1906 156 1953 }unt‚
183 1903 344 1943 nolunt
366 1903 596 1952 convinci,
622 1902 744 1957 quod
760 1901 869 1943 falsi
886 1901 1001 1943 sint}
1031 1901 1218 1953 Itaque
1250 1910 1363 1952 pro-

40 1965 156 2013 pter
200 1971 313 1999 eam
343 1971 448 1998 rem
483 1959 715 2000 oderunt
744 1959 1047 2006 veritatem,
1088 1969 1237 2011 quam
1267 1965 1361 2007 pro

41 2016 274 2056 veritate
317 2020 507 2055 amant.
565 2016 749 2055 Amant
787 2027 897 2056 eam
919 2015 1203 2061 lucentem,
1244 2010 1363 2051 ode-

43 2077 160 2111 runt
183 2084 293 2111 eam
315 2071 749 2125 redarguentem.
812 2071 931 2121 Quia
949 2072 1067 2112 enim
1085 2069 1185 2109 falli
1202 2066 1364 2107 nolunt

42 2133 88 2167 et
104 2126 265 2167 fallere
284 2128 462 2177 volunt,
488 2132 640 2168 amant
658 2139 772 2178 eam,
792 2141 893 2169 cum
912 2140 960 2168 se
978 2128 1080 2180 ipsa
1097 2124 1292 2171 indicat,
1319 2127 1365 2161 et

43 2184 238 2224 oderunt
256 2196 375 2234 eam,
402 2196 502 2224 cum
521 2195 603 2224 eos
621 2184 748 2238 ipsos
766 2184 953 2225 indicat.
1014 2181 1123 2222 Inde
1140 2178 1366 2220 retribuet
