1473 2443
111 116 193 157 176
419 113 698 154 AURELII
726 112 1094 155 AUGUSTINI

110 200 218 242 mihi
256 200 478 240 nuntiavit
518 198 665 238 carnis
706 198 878 239 oculus.
937 197 1077 239 Novit
1109 209 1185 237 eas
1219 197 1422 250 quisquis

108 259 207 298 sine
246 256 341 295 ulla
373 255 654 308 cogitatione
689 254 1027 307 qualiscumque
1064 254 1269 308 corporis
1300 254 1422 292 intus

109 313 295 367 agnovit
313 323 405 351 eas.
457 309 589 351 Sensi
607 311 741 350 etiam
760 322 970 350 numeros
991 310 1196 349 omnibus
1218 308 1425 361 corporis

112 368 341 416 sensibus,
367 378 478 420 quos
497 378 802 416 numeramus3
835 366 916 405 sed
931 366 1001 404 illi
1020 366 1095 405 alii
1115 370 1238 414 sunt,
1265 364 1425 417 quibus

111 436 420 471 numeramus,
444 433 528 461 nec
545 422 766 475 imagines
784 422 976 462 istorum
994 426 1117 471 sunt3
1151 426 1196 460 et
1213 420 1318 460 ideo
1336 420 1427 459 val-

114 481 168 520 de
188 484 304 519 sunt.
337 478 500 518 Rideat
517 489 587 517 me
607 478 698 517 ista
716 477 940 519 dicentem
969 477 1045 530 qui
1063 489 1142 517 eos
1161 488 1251 519 non
1282 475 1427 525 videt3

115 543 159 576 et
178 548 263 588 ego
284 534 463 574 doleam
481 534 703 573 ridentem
721 546 807 573 me.

199 592 247 631 C.
271 590 391 630 XIII.
450 588 580 629 Haec
612 589 762 629 omnia
799 589 1020 628 memoria
1053 593 1214 636 teneo,
1249 590 1294 626 et
1323 597 1430 638 quo-

115 647 251 688 modo
287 658 342 686 ea
365 645 623 695 didicerim,
655 645 878 685 memoria
897 649 1050 684 teneo.
1108 643 1255 683 Multa
1279 644 1430 689 etiam,

118 715 232 757 quae
251 703 468 742 adversus
486 699 599 741 haec
615 699 861 740 falsissime
881 700 1181 752 disputantur,
1201 697 1366 746 audivi,
1388 703 1433 735 et

118 759 336 799 memoria
366 763 524 807 teneo,
558 769 671 810 quae
704 756 887 796 tametsi
909 755 1029 795 falsa
1051 759 1175 804 sunt,
1206 758 1357 794 tamen
1380 764 1434 791 ea

117 815 377 855 meminisse
396 826 465 854 me
486 825 576 852 non
595 818 665 852 est
680 811 861 862 falsum,
875 816 920 851 et
937 811 1209 852 discrevisse
1227 821 1296 849 me
1314 810 1433 848 inter

117 871 198 911 illa
220 882 327 910 vera
349 874 393 909 et
415 868 527 908 haec
550 867 687 918 falsa,
716 880 831 922 quae
859 867 1249 908 contradicuntur:
1283 870 1328 904 et
1344 862 1432 903 hoc

118 926 316 968 memini.
376 926 608 977 Aliterque
641 937 758 964 nunc
789 924 923 964 video
950 923 1210 963 discernere
1234 932 1305 960 me
1329 920 1433 967 ista,

119 982 254 1022 aliter
286 986 434 1020 autem
467 980 652 1020 memini
674 992 810 1032 saepe
832 992 904 1019 me
930 978 1225 1026 discrevisse,
1259 989 1359 1016 cum
1382 986 1437 1013 ea

120 1049 255 1089 saepe
291 1037 555 1089 cogitarem.
615 1035 739 1089 Ergo
775 1040 820 1074 et
851 1034 1136 1074 intellexisse
1158 1045 1229 1072 me
1255 1030 1434 1084 saepius

117 1095 209 1133 ista
230 1092 434 1142 memini3
467 1096 512 1131 et
536 1091 659 1144 quod
681 1103 798 1130 nunc
818 1091 1028 1130 discerno
1050 1095 1095 1129 et
1111 1088 1343 1140 intelligo,
1366 1097 1435 1125 re-

120 1148 268 1190 condo
302 1148 348 1186 in
378 1149 620 1196 memoria,
654 1152 704 1186 ut
733 1151 897 1199 postea
919 1157 989 1186 me
1012 1156 1129 1184 nunc
1150 1143 1435 1184 intellexisse

119 1205 413 1246 meminerim.
473 1203 595 1255 Ergo
632 1207 677 1241 et
702 1202 964 1241 meminisse
987 1212 1058 1240 me
1082 1199 1284 1248 memini,
1319 1198 1437 1237 sicut

120 1265 283 1313 postea
314 1259 436 1312 quod
458 1257 571 1297 haec
593 1257 825 1297 reminisci
846 1269 963 1296 nunc
980 1257 1129 1309 potui,
1163 1256 1202 1294 si
1224 1252 1436 1300 recorda-

120 1317 219 1366 bor,
239 1316 396 1368 utique
415 1326 495 1368 per
511 1315 601 1353 vim
616 1314 863 1353 memoriae
881 1312 1174 1352 recordabor.
1205 1308 1436 1350 Adfectio-

120 1384 202 1412 nes
229 1382 409 1424 quoque
428 1370 566 1410 animi
582 1370 672 1409 mei
689 1369 847 1408 eadem
863 1369 1083 1408 memoria
1100 1367 1321 1415 continet,
1344 1376 1437 1404 non

120 1428 202 1467 illo
225 1427 382 1476 modo,
418 1438 505 1480 quo
532 1437 608 1465 eas
633 1424 770 1465 habet
792 1425 890 1477 ipse
914 1425 1110 1473 animus,
1146 1435 1246 1462 cum
1267 1422 1439 1474 patitur

123 1497 219 1533 eas3
255 1482 337 1522 sed
367 1481 457 1521 alio
491 1482 681 1521 multum
705 1481 907 1529 diverso,
941 1481 1060 1520 sicut
1087 1489 1187 1518 sese
1212 1476 1348 1517 habet
1369 1475 1437 1515 vis

121 1538 381 1578 memoriae.
441 1536 555 1577 Nam
581 1542 625 1576 et
647 1537 865 1576 laetatum
886 1547 956 1576 me
979 1534 1143 1584 fuisse,
1168 1533 1439 1573 reminiscor

120 1607 212 1635 non
239 1594 404 1643 laetus;
439 1598 483 1633 et
500 1594 733 1633 tristitiam
751 1604 899 1632 meam
911 1590 1204 1645 praeteritam
1217 1586 1438 1628 recordor

118 1662 211 1690 non
226 1650 392 1699 tristis3
426 1654 472 1688 et
487 1661 557 1688 me
577 1648 820 1701 aliquando
838 1647 1044 1686 timuisse
1057 1675 1068 1695 ‚
1091 1644 1248 1684 recolo
1268 1644 1366 1683 sine
1383 1641 1437 1680 ti-

118 1717 266 1755 more;
300 1710 347 1744 et
377 1705 597 1756 pristinae
632 1703 893 1755 cupiditatis
927 1702 1024 1741 sine
1058 1700 1305 1752 cupiditate
1340 1709 1436 1736 sum

121 1772 308 1801 memor.
366 1760 619 1813 Aliquando
669 1771 693 1798 e
733 1757 961 1798 contrario
1008 1756 1241 1796 tristitiam
1292 1765 1437 1793 meam

120 1820 396 1856 transactam
419 1816 566 1855 laetus
583 1814 874 1861 reminiscor,
911 1816 955 1853 et
970 1812 1116 1851 tristis
1134 1810 1370 1851 laetitiam.

207 1871 255 1911 C.
282 1870 401 1913 xlv„
462 1870 596 1918 Quod
628 1868 880 1909 mirandum
910 1880 1001 1908 non
1035 1872 1105 1907 est
1131 1867 1186 1907 de
1220 1876 1436 1919 corpore;

123 1926 246 1966 aliud
265 1927 383 1965 enim
401 1926 589 1975 animus,
609 1924 733 1965 aliud
751 1935 928 1975 corpus.
987 1922 1144 1976 Itaque
1163 1924 1202 1963 si
1217 1920 1435 1975 praeteri-

121 1987 217 2022 tum
239 1981 445 2021 dolorem
469 1980 674 2034 corporis
700 1979 901 2033 gaudens
925 1980 1129 2028 memini,
1163 1990 1254 2018 non
1276 1977 1340 2015 ita
1361 1970 1441 2015 mi’-

123 2051 223 2077 rum
247 2041 334 2087 est3
367 2035 440 2076 hic
457 2048 588 2086 vero,
616 2048 716 2075 cum
734 2037 908 2075 animus
929 2036 988 2074 sit
1005 2034 1142 2074 etiam
1157 2035 1257 2086 ipsa
1272 2043 1439 2070 memo-

123 2096 207 2134 ria.
265 2092 379 2134 Nam
403 2096 449 2131 et
471 2105 571 2131 cum
592 2091 855 2131 mandamus
882 2089 1074 2142 aliquid,
1107 2093 1157 2128 ut
1177 2087 1439 2127 memoriter

125 2148 358 2198 habeatur,
378 2148 587 2188 dicimust
618 2147 736 2196 vide,
757 2152 805 2185 ut
820 2145 934 2184 illud
950 2146 996 2184 in
1014 2145 1161 2183 animo
1181 2142 1369 2193 habeas3
1395 2145 1440 2181 et

127 2218 226 2245 cum
261 2204 590 2253 obliviscimur,
627 2202 837 2243 dicimus:
869 2213 961 2241 non
983 2199 1070 2240 fuit
1094 2200 1140 2239 in
1167 2200 1337 2249 animo,
1372 2202 1435 2237 et:
