1473 2443
96 137 150 176 44
413 133 694 176 AURELII
723 134 1098 178 AUGUSTINI

95 231 242 274 paene
287 230 379 260 non
417 219 591 274 legisse
634 223 829 271 tantum,
870 232 1027 261 verum
1060 222 1195 262 etiam
1242 225 1419 278 scripti-

95 282 221 317 tasse
244 275 389 317 libros
415 287 595 325 eorum,
623 275 800 329 sibique
826 276 1092 330 adparuisse
1115 278 1241 319 nullo
1262 286 1422 321 contra

96 332 359 386 disputante
386 336 432 372 et
457 331 779 381 convincente,
808 344 940 386 quam
965 338 1089 374 esset
1110 334 1193 374 illa
1210 340 1336 375 secta
1354 336 1422 376 fu-

99 387 285 444 gienda3
315 387 473 441 itaque
497 386 689 441 fugisse.
751 387 879 437 Quae
899 401 999 429 cum
1016 389 1096 429 ille
1115 390 1331 442 dixisset,
1357 397 1420 432 at-

95 456 183 498 que
197 443 279 484 illa
293 442 441 484 nollet
457 443 773 498 adquiescere,
786 444 866 484 sed
885 444 1080 485 instaret
1096 447 1242 500 magis
1263 447 1420 500 depre-

96 500 266 550 cando,
302 504 348 539 et
373 499 569 540 ubertim
592 498 766 551 flendo,
800 504 851 540 ut
873 513 945 540 me
972 501 1151 542 videret
1176 508 1222 543 et
1245 515 1422 544 mecum

96 556 371 596 dissereret:
407 555 488 598 ille
517 556 609 596 iam
642 555 1021 597 substomachans
1055 558 1234 608 taedio,
1275 558 1419 610 Vade,

93 612 264 665 inquit,
283 624 311 652 a
326 623 413 662 me,
431 611 498 651 ita
513 611 660 663 vivas3
693 612 794 652 fieri
812 625 902 652 non
919 618 1089 666 potest,
1107 619 1158 654 ut
1176 614 1296 655 filius
1313 615 1422 656 ista-

94 680 194 708 rum
217 667 507 708 lacrimarum
531 673 705 720 pereat.
768 667 903 717 Quod
929 668 1011 715 illa
1036 668 1103 709 ita
1116 681 1165 710 se
1186 672 1420 725 accepisse

94 725 215 765 inter
232 722 466 777 colloquia
483 736 566 763 sua
582 736 758 765 mecum
777 736 913 778 saepe
931 724 1285 779 recordabatur,
1311 740 1363 768 ac
1382 728 1422 768 si

95 780 150 821 de
176 779 309 821 coelo
329 779 575 821 sonuisset.

462 995 863 1052 LIBER
948 997 1049 1053 IV.

175 1120 223 1162 C.
250 1121 283 1162 Ι.
331 1121 421 1162 Per
436 1123 559 1163 idem
573 1128 752 1177 tempus
772 1134 992 1163 annorum
1009 1135 1186 1172 novem,
1208 1123 1262 1163 ab
1282 1123 1420 1163 unde-

91 1176 312 1218 vicesimo
348 1190 465 1218 anno
492 1180 656 1219 aetatis
679 1191 809 1219 meae
836 1191 979 1233 usque
1005 1179 1062 1218 ad
1089 1178 1420 1219 duodetricesi-

90 1246 233 1284 mum,
260 1233 592 1275 seducebamur
616 1241 662 1275 et
679 1234 1033 1285 seducebamus,
1057 1235 1165 1276 falsi
1182 1239 1319 1288 atque
1338 1233 1420 1275 fal-

91 1288 242 1330 lentes
271 1290 318 1329 in
349 1291 490 1331 variis
516 1291 867 1344 cupiditatibus;
901 1296 948 1331 et
971 1290 1122 1344 palam
1144 1303 1227 1344 per
1253 1290 1419 1331 doctri-

90 1357 173 1385 nas
190 1357 301 1398 quas
321 1345 537 1387 liberales
556 1352 746 1397 vocant,
768 1346 948 1387 occulte
968 1351 1119 1387 autem
1137 1347 1256 1387 falso
1277 1347 1420 1386 nomi-

90 1412 147 1440 ne
169 1401 426 1455 religionis.
487 1403 578 1443 Hic
597 1403 804 1456 superbi,
823 1403 888 1443 ibi
906 1403 1232 1457 superstitiosi,
1251 1401 1420 1456 ubique.

89 1456 209 1497 vani.
269 1456 370 1497 Hac
400 1459 639 1512 popularis
673 1458 852 1513 gloriae
879 1463 1109 1499 sectantes
1134 1458 1418 1508 inanitatem,

89 1524 234 1566 usque
262 1513 316 1553 ad
344 1513 599 1556 theatricos
626 1515 813 1569 plausus
832 1519 878 1555 et
895 1515 1186 1555 contentiosa
1204 1515 1418 1564 carmina,

90 1574 138 1609 et
155 1581 350 1623 agonem
370 1582 644 1610 coronarum
661 1570 930 1611 foenearum
943 1601 954 1620 ,
983 1576 1030 1611 et
1050 1570 1418 1624 spectaculorum

87 1637 248 1677 nugas,
266 1630 312 1665 et
324 1626 723 1679 intemperantiam
741 1626 1001 1666 libidinum:
1020 1626 1127 1666 illac
1146 1631 1298 1666 autem
1315 1639 1417 1679 pur-

88 1680 189 1733 gari
206 1693 289 1720 nos
309 1680 363 1720 ab
380 1682 483 1722 istis
503 1682 715 1723 sordibus
736 1687 1002 1735 expetentes
1024 1695 1123 1722 cum
1143 1682 1225 1732 eis,
1246 1683 1322 1735 quj
1340 1682 1415 1722 ad-

87 1736 318 1788 pellantur
337 1737 474 1777 electi
494 1742 540 1777 et
558 1738 727 1787 sancti,
757 1737 1040 1777 adferremus
1061 1750 1213 1788 escas,
1243 1738 1298 1778 de
1319 1739 1414 1791 qui·

85 1790 171 1831 bus
197 1791 331 1832 nobis
356 1792 403 1832 in
431 1793 611 1833 officina
629 1792 877 1846 aqualiculi
895 1793 964 1833 sui
980 1792 1262 1834 fabricarent
1278 1805 1413 1848 ange-

87 1847 160 1887 los
189 1852 234 1887 et
262 1847 396 1897 deos,
420 1861 502 1901 per
527 1861 641 1902 quos
661 1849 980 1899 liberaremur3
1015 1854 1061 1888 et
1079 1849 1291 1890 sectabar
1308 1850 1412 1899 ista,

88 1907 224 1956 atque
252 1902 478 1944 faciebam
503 1917 604 1944 cum
635 1905 793 1944 amicis
817 1905 952 1954 meis,
976 1917 1057 1957 per
1074 1917 1146 1945 me
1166 1918 1219 1945 ac
1236 1903 1413 1945 mecum

87 1958 308 2011 deceptis.
368 1960 594 2000 strideant
611 1973 682 2000 me
703 1965 987 2013 arrogantes,
1011 1966 1057 2001 et
1074 1961 1274 2001 nondum
1293 1961 1411 2001 salu-

84 2014 228 2054 briter
251 2016 471 2067 prostrati
496 2021 541 2057 et
567 2016 671 2056 elisi
689 2028 716 2055 a
731 2021 797 2066 te,
824 2016 949 2056 Deus
969 2029 1120 2068 meus3
1153 2029 1240 2071 ego
1259 2020 1409 2057 tamen

85 2070 307 2110 confitear
325 2071 408 2111 tibi
428 2072 656 2113 dedecora
680 2084 783 2112 mea
808 2072 855 2111 in
882 2072 1015 2112 laude
1040 2078 1131 2112 tua.
1195 2071 1302 2113 Sine
1320 2085 1407 2123 me,

85 2125 303 2177 obsecro,
343 2132 390 2168 et
423 2127 480 2167 da
508 2126 622 2169 mihi
655 2128 894 2168 circumire
929 2128 1163 2180 praesenti
1188 2128 1410 2169 memoria

112 2182 357 2223 raeteritos
391 2183 608 2224 circuitus
644 2184 813 2224 erroris
843 2184 953 2231 mei,
991 2188 1036 2223 et
1060 2183 1297 2223 immolare
1322 2184 1404 2224 tibi

116 2238 281 2279 ostiam
305 2238 603 2280 iubilationis.
666 2239 807 2291 Quid
842 2240 978 2280 enim
1001 2252 1117 2281 sum
1144 2251 1247 2295 ego
1275 2237 1407 2280 mihi
