1473 2443
107 113 179 154 194
428 114 696 155 AURELII
725 115 1089 158 AUGUSTINI

100 210 154 250 pe
187 196 296 238 mihi
331 198 499 238 dictum
534 199 837 249 commemini,
873 202 948 253 qui
967 205 1060 241 tam
1084 201 1265 241 modico
1290 199 1411 240 flexu

102 255 225 294 vocis
256 253 457 294 faciebat
487 266 650 294 sonare
684 254 902 295 lectorem
933 258 1112 309 psalmi,
1146 261 1195 296 ut
1217 268 1411 308 pronun-

99 310 231 349 tianti
262 309 456 349 vicinior
491 314 614 350 esset
646 323 778 363 quam
814 312 1007 351 canenti.
1067 312 1235 353 Verum
1258 316 1409 351 tamen

100 377 199 404 cum
224 365 493 405 reminiscor
516 366 726 406 lacrimas
748 379 892 416 meas,
918 380 1027 420 quas
1052 367 1148 408 fudi
1171 368 1226 407 ad
1252 373 1409 406 cantus

99 420 322 460 ecclesiae
345 425 450 460 tuae
475 422 520 460 in
543 422 803 474 primordiis
825 428 1120 476 recuperatae
1141 423 1246 463 fidei
1263 434 1407 471 meae,

99 485 143 515 et
161 488 277 515 nunc
294 477 392 529 ipso
412 477 532 529 quod
548 489 736 517 moveor
753 490 843 518 non
862 484 1009 528 cantu,
1022 479 1103 518 sed
1120 480 1272 528 rebus,
1294 490 1408 531 quae

98 536 349 581 cantantur,
371 544 470 572 cum
489 532 662 585 liquida
674 545 786 573 voce
807 538 851 573 et
870 535 1299 574 convenientissima
1314 546 1408 573 mo-

97 586 329 627 dulatione
356 593 612 639 cantantur,
636 601 844 642 magnam
867 590 1064 630 instituti
1090 589 1219 630 huius
1241 590 1411 628 utilita-

95 648 187 682 tem
203 655 358 682 rursus
380 656 595 697 agnosco.
655 644 724 684 Ita
740 644 909 685 fluctuo
928 647 1047 685 inter
1065 645 1314 699 periculum
1333 657 1408 684 vo-

95 698 283 751 luptatis
309 703 354 738 et
373 700 728 752 experimentum
747 700 1048 752 salubritatis3
1080 702 1314 754 magisque
1334 700 1407 739 ad-

94 754 250 803 ducor,
270 766 358 793 non
378 755 557 807 quidem
574 756 953 796 irretractabilem
972 758 1240 797 sententiam
1258 755 1407 809 profe-

96 821 218 857 rens,
240 810 450 850 cantandi
469 812 843 851 consuetudinem
861 812 1113 866 adprobare
1132 813 1178 851 in
1197 813 1405 860 ecclesia,

96 870 142 904 ut
164 876 244 917 per
270 865 605 906 oblectamenta
629 869 803 906 aurium
826 868 1048 908 infirmior
1070 869 1242 908 animus
1266 869 1310 908 in
1332 867 1405 906 ad·

93 919 263 959 fectum
280 920 462 973 pietatis
482 922 716 975 adsurgat:
744 928 895 962 tamen
914 937 1013 963 cum
1030 923 1139 963 mihi
1158 923 1337 972 accidit,
1358 928 1408 962 ut

93 987 162 1015 me
183 976 374 1028 amplius
393 985 572 1028 cantus,
593 991 725 1031 quam
742 991 831 1028 res,
869 992 982 1032 quae
1003 980 1192 1028 canitur,
1211 983 1407 1027 moveat,

93 1031 348 1083 poenaliter
364 1045 435 1071 me
453 1045 644 1085 peccare
665 1034 910 1084 confiteor,
930 1040 976 1074 et
994 1041 1099 1075 tunc
1117 1035 1296 1075 mallem
1315 1046 1405 1073 non

93 1086 250 1126 audire
270 1091 540 1128 cantantem.
599 1089 718 1129 Ecce
737 1089 814 1129 ubi
833 1103 943 1130 sum.
1003 1091 1132 1130 Flete
1152 1103 1342 1138 mecum,
1362 1095 1407 1129 et

94 1154 174 1194 pro
198 1154 269 1182 me
293 1141 419 1193 flete,
445 1144 520 1197 qui
545 1144 715 1197 aliquid
731 1144 841 1184 boni
858 1146 1091 1185 vobiscum
1109 1146 1228 1185 intus
1249 1146 1402 1198 ag·iti8‚

94 1197 210 1237 unde
235 1197 356 1238 facta
378 1199 642 1252 procedunt.
702 1199 814 1239 Nam
834 1203 1015 1254 quinon
1035 1201 1193 1254 agitis,
1218 1213 1307 1240 non
1324 1212 1406 1239 vos

94 1252 206 1293 haec
220 1260 416 1294 movent.
478 1256 547 1295 Tu
567 1260 731 1304 autem,
750 1254 944 1296 Domine
963 1256 1086 1296 Deus
1103 1269 1252 1305 meus,
1275 1268 1406 1295 exau-

95 1309 159 1359 di,
180 1312 371 1363 respice,
393 1316 438 1350 et
454 1310 577 1359 vide,
599 1316 644 1350 et
660 1311 899 1362 miserere,
921 1317 965 1352 et
983 1325 1091 1352 sana
1107 1324 1198 1361 me,
1216 1312 1263 1351 in
1282 1313 1407 1351 cuius

96 1367 240 1406 oculis
265 1365 376 1406 mihi
400 1368 606 1419 quaestio
632 1366 779 1406 factus
803 1381 921 1417 sum,
948 1373 993 1408 et
1009 1369 1105 1421 ipse
1127 1373 1196 1408 est
1214 1368 1408 1420 languor

94 1433 234 1461 meus.

175 1477 222 1517 C.
248 1477 456 1519 XXXIV.
516 1479 674 1519 Restat
702 1479 910 1531 voluptas
946 1480 1181 1519 oculorum
1212 1480 1406 1519 istorum

95 1535 242 1573 carnis
267 1546 416 1584 meae,
452 1534 505 1573 de
532 1547 619 1587 qna
643 1535 803 1587 loquar
827 1534 1163 1583 confessiones,
1198 1547 1307 1587 quas
1333 1547 1407 1572 au-

95 1588 220 1628 diant
251 1602 383 1629 aures
416 1590 571 1643 templi
593 1591 677 1639 tui,
715 1602 846 1629 aures
871 1589 1099 1629 fraternae
1128 1603 1179 1629 ac
1202 1591 1326 1642 piae,
1359 1594 1409 1627 ut

95 1645 417 1684 concludamus
470 1646 748 1685 tentationes
797 1646 1194 1697 concupiscentiae
1243 1644 1406 1692 carnis,

95 1712 207 1752 quae
232 1713 301 1739 me
328 1700 472 1741 adhuc
498 1702 678 1754 pulsant
695 1701 1091 1754 ingemiscentem,
1117 1708 1161 1740 et
1179 1700 1408 1740 habitacu-

95 1755 184 1793 lum
200 1768 362 1804 meum,
384 1758 502 1809 quod
522 1758 575 1797 de
596 1756 726 1796 coelo
748 1761 830 1805 est,
851 1756 1115 1809 superindui
1138 1758 1406 1809 cupientem.

97 1810 313 1851 Pulchras
327 1811 496 1851 formas
511 1818 555 1852 et
569 1813 729 1861 varias,
742 1812 910 1851 nitidos
926 1818 970 1851 et
990 1824 1205 1851 amoenos
1226 1812 1406 1851 colores

96 1872 245 1906 amant
270 1868 404 1907 oculi.
465 1867 565 1907 Non
590 1873 774 1907 teneant
800 1867 910 1907 liaeo
935 1870 1125 1907 animam
1144 1879 1310 1916 meam;
1341 1871 1406 1905 te-

96 1927 199 1962 neat
224 1935 321 1962 eam
345 1923 489 1973 Deus,
515 1925 590 1976 qui
614 1923 724 1962 fecit
747 1922 881 1973 haec,
906 1924 1026 1963 bona
1051 1923 1231 1976 quidem
1253 1922 1404 1971 valde3

94 1977 174 2017 sed
205 1978 301 2030 ipse
338 1984 406 2018 cst
438 1979 605 2018 bonum
633 1991 801 2028 meum,
835 1992 923 2018 non
948 1978 1074 2019 haec.
1135 1979 1192 2018 Et
1214 1981 1406 2029 tangunt

93 2045 162 2072 me
187 2034 450 2087 vigilantem
473 2036 582 2074 totis
603 2035 761 2074 diebus
775 2065 784 2082 ‚
812 2047 894 2075 nec
912 2037 1094 2088 requies
1116 2035 1169 2073 ab
1190 2035 1254 2073 eis
1275 2033 1407 2072 (latur

92 2088 223 2137 mihi,
264 2091 380 2130 sicut
413 2091 545 2130 datur
578 2103 603 2129 a
635 2091 823 2129 vocibus
858 2091 1037 2130 canoris
1072 2088 1314 2142 aliquando
1349 2088 1403 2126 ab

94 2147 298 2186 omnibus
330 2147 375 2184 in
400 2146 598 2185 silentio.
659 2146 761 2197 Ipsa
783 2148 899 2186 enim
923 2147 1081 2199 regina
1104 2146 1307 2185 colorum
1329 2143 1407 2182 lux

92 2201 201 2253 ista,
229 2201 504 2255 perfundens
527 2206 708 2251 cuncta,
736 2214 849 2254 quae
870 2204 1114 2252 cernimus,
1138 2201 1215 2241 ubi
1234 2200 1305 2239 ubi
1324 2210 1404 2252 per
