1473 2443
101 132 175 173 κθ
217 102 220 105 ⁴
418 131 690 173 AURELH
717 132 1081 176 AUGUSTINI

93 216 207 266 vidi,
235 218 339 270 quia
364 228 454 256 non
477 216 626 257 solum
648 216 764 258 locis
788 231 871 258 sua
893 231 1097 273 quaeque
1123 219 1216 259 suis
1241 231 1401 260 conve-

92 275 242 322 niunt,
277 271 358 312 sed
392 272 530 312 etiam
550 273 852 326 temporibus3
886 279 931 314 et
953 277 1058 329 quia
1078 279 1149 325 tu,
1183 275 1259 328 qui
1275 275 1402 316 solus

93 334 305 367 aeternus
340 339 411 379 es,
441 340 531 368 non
562 333 667 382 post
696 330 1042 370 innumerabilia
1064 332 1210 384 spatia
1230 338 1402 386 tempo-

93 396 191 422 rum
210 384 405 437 coepisti
429 386 628 437 operari3
664 385 769 438 quia
792 386 943 426 omnia
965 388 1112 440 spatia
1132 392 1402 439 temporum,

95 445 140 478 et
159 451 272 492 quae
290 441 640 492 praeterierunt,
661 444 705 480 et
719 453 833 495 quae
855 443 1185 494 praeteribunt,
1209 455 1293 483 nec
1311 443 1403 483 abi-

94 500 208 542 rent,
229 507 314 534 nec
330 496 549 545 venirent,
568 496 658 537 nisi
672 500 719 536 te
739 502 954 550 operante
974 503 1018 538 et
1034 504 1257 538 manente.

180 550 227 591 C.
251 550 371 591 XVI.
430 552 488 591 Et
508 554 631 592 sensi
655 556 700 592 et
723 558 936 607 expertus
955 567 1072 604 sum,
1097 567 1187 593 non
1207 566 1307 594 esse
1325 554 1403 593 mi-

94 620 211 656 rum,
232 607 354 661 quod
370 607 523 661 palato
543 619 633 648 non
651 620 760 649 sano
779 621 928 662 poena
945 615 1014 649 est
1029 610 1177 663 panis,
1198 610 1274 664 qui
1292 621 1403 649 sano

96 664 247 703 suavis
282 667 369 714 est3
403 668 448 702 et
482 663 627 704 oculis
651 665 801 718 aegris
827 665 988 705 odiosa
1010 665 1106 715 lux,
1142 678 1255 719 quae
1280 665 1404 718 puris

94 718 316 759 amabilis.
375 719 433 758 Et
462 720 640 761 iustitia
668 725 747 760 tua
779 720 989 774 displicet
1021 722 1208 775 iniquis3
1241 721 1405 761 nedum

95 775 250 827 vipera
269 779 313 814 et
331 776 622 825 vermiculus,
648 788 761 829 quae
779 775 900 816 bona
917 778 1103 827 creasti,
1129 781 1234 829 apta
1248 776 1387 817 inferi

96 830 251 870 oribus
277 836 511 871 creaturae
534 836 639 872 tuae
664 832 886 884 partibus,
914 833 1075 885 quibus
1095 837 1140 872 et
1154 833 1243 886 ipsi
1260 832 1404 885 iniqui

96 889 190 940 apti
213 891 335 935 sunt,
362 892 529 940 quanto
551 887 868 928 dissimiliores
888 894 992 928 sunt
1008 888 1110 938 tibi3
1144 890 1238 942 apti
1255 892 1405 928 autem

95 943 428 994 superioribus,
454 948 621 996 quanto
646 943 890 984 similiores
911 945 1023 984 fiunt
1039 944 1137 984 tibi.
1197 944 1254 983 Et
1272 955 1405 997 quae-

97 1000 201 1047 sivi,
222 998 329 1050 quid
349 1004 472 1037 esset
487 999 724 1052 iniquitas,
745 1004 790 1039 et
808 1012 898 1039 non
915 1001 1067 1039 inveni
1086 1000 1403 1048 substantiam;

94 1054 175 1094 sed
190 1066 215 1092 a
229 1066 402 1094 summa
417 1053 670 1094 substantia
686 1059 731 1094 te
749 1054 849 1094 Deo
870 1055 1076 1095 detortae
1094 1056 1140 1095 in
1159 1056 1314 1095 infima
1329 1065 1422 1094 vo-⁴

93 1110 279 1149 luntatis
299 1110 657 1162 perversitatem,
676 1111 961 1162 proiicientis
978 1111 1139 1152 intima
1155 1124 1256 1161 sua,
1277 1116 1323 1151 et
1337 1115 1405 1151 tu-

96 1170 340 1206 mescentis
359 1164 500 1205 foras.

180 1221 227 1261 C.
251 1220 391 1261 XVss.
450 1221 509 1261 Et
525 1222 740 1272 mirabar,
761 1222 881 1276 quod
899 1222 987 1261 iam
1005 1226 1049 1262 te
1070 1222 1293 1271 amabam,
1314 1234 1405 1262 non

93 1289 171 1330 pro
190 1281 235 1315 te
254 1275 532 1329 phantasma.
587 1278 646 1318 Et
662 1291 751 1319 non
770 1277 943 1318 stabam
959 1277 1051 1317 frui
1068 1277 1168 1318 Deo
1187 1290 1305 1327 meo,
1326 1278 1407 1317 sed

91 1332 303 1386 rapiebar
326 1332 383 1372 ad
404 1337 449 1372 te
470 1332 636 1373 decore
654 1338 753 1383 tu03
784 1345 978 1388 moxque
999 1333 1246 1386 diripiebar
1262 1333 1341 1373 abs
1358 1338 1405 1373 te

92 1388 294 1442 pondere
317 1401 440 1437 meo,
467 1393 512 1428 et
529 1389 714 1430 ruebam
730 1391 776 1429 in
790 1390 880 1429 ista
894 1402 993 1429 cum
1011 1390 1202 1443 gemitu3
1236 1394 1282 1429 et
1297 1401 1405 1443 pon-

95 1445 176 1484 dus
201 1443 289 1484 hoc
313 1445 595 1485 consuetudo
620 1444 828 1486 carnalis.
890 1444 981 1486 Sed
1003 1458 1178 1486 mecum
1202 1450 1302 1485 erat
1315 1456 1406 1485 me-

92 1500 240 1540 moria
253 1500 332 1550 tui,
348 1512 493 1554 neque
507 1501 601 1541 ullo
614 1502 750 1541 modo
766 1501 1023 1542 dubitabam
1040 1513 1140 1542 esse
1158 1503 1230 1541 cui
1244 1499 1405 1542 cohae-

93 1568 262 1606 rerem,
295 1556 377 1596 sed
394 1557 592 1597 nondum
611 1570 712 1598 esse
735 1569 806 1597 me
825 1558 900 1611 qui
920 1556 1231 1608 cohaererem3
1266 1568 1404 1610 quon·

93 1613 185 1651 iam
204 1623 388 1664 corpus,
410 1613 530 1666 quod
549 1615 871 1666 corrumpitur,
891 1613 1109 1666 adgravat
1125 1614 1338 1660 animam,
1361 1617 1406 1651 et

97 1668 310 1720 deprimit
339 1672 522 1708 terrena
543 1667 816 1710 inhabitatio
842 1681 1023 1708 sensum
1044 1668 1185 1708 multa
1202 1668 1403 1721 cogitan-

93 1728 201 1763 tem.
260 1723 485 1776 Eramque
520 1725 820 1774 certissimus,
854 1725 974 1777 quod
1003 1724 1253 1764 invisibilia
1277 1728 1356 1763 tua
1379 1735 1405 1762 a

96 1779 423 1819 constitutione
442 1779 595 1820 mundi
613 1792 693 1832 per
711 1792 782 1829 ea,
808 1792 921 1833 quae
941 1779 1062 1819 facta
1080 1784 1202 1828 sunt,
1225 1778 1404 1819 intelle-

96 1841 169 1874 cta
192 1835 551 1887 conspiciuntur,
575 1836 849 1888 sempiterna
872 1847 1049 1889 quoque
1067 1835 1210 1875 virtus
1230 1842 1277 1876 et
1294 1834 1404 1875 divi-

94 1891 212 1930 nitas
231 1895 319 1929 tua.
369 1890 602 1937 Quaerens
621 1891 738 1930 enim
755 1891 872 1930 unde
896 1891 1192 1944 adprobarem
1209 1888 1405 1944 pulchri-

93 1946 298 1986 tudinem
317 1958 554 1998 corporum
573 1946 668 1985 sive
690 1946 973 1996 coelestium,
991 1948 1086 1987 sive
1102 1947 1403 1995 terrestrium,

98 2008 143 2042 et
168 2001 275 2054 quid
299 2000 408 2040 mihi
439 2006 621 2054 praesto
658 2007 780 2041 esset
810 2004 990 2056 integre
1024 2003 1078 2043 de
1110 2001 1402 2042 mutabilibus

95 2057 317 2098 iudicanti
336 2061 380 2096 et
399 2057 585 2096 dicenti:
609 2056 696 2097 hoc
712 2058 776 2097 ita
795 2070 895 2098 esse
915 2058 1064 2107 debet,
1081 2057 1195 2097 illud
1211 2070 1301 2097 non
1318 2057 1402 2097 ita:

96 2113 184 2153 hoc
207 2125 317 2167 ergo
343 2124 563 2166 quaerens
588 2112 706 2153 unde
728 2113 998 2163 iudicarem,
1025 2119 1125 2154 c‘um
1142 2114 1208 2152 ita
1228 2113 1403 2153 iudica-

93 2182 208 2220 rem,
242 2169 501 2210 inveneram
522 2169 936 2210 incommutabilem
960 2175 1004 2210 et
1025 2182 1175 2209 veram
1199 2169 1404 2208 veritatis

97 2226 415 2266 aeternitatem
450 2238 585 2279 supra
615 2230 812 2266 mentem
845 2238 989 2266 meam
1022 2225 1407 2266 commutabilem-
