<?xml version="1.0" encoding="UTF-8"?>
<!DOCTYPE html PUBLIC "-//W3C//DTD XHTML 1.0 Transitional//EN"
    "http://www.w3.org/TR/xhtml1/DTD/xhtml1-transitional.dtd">
<html xmlns="http://www.w3.org/1999/xhtml" xml:lang="en" lang="en">
 <head>
  <title>
</title>
<meta http-equiv="Content-Type" content="text/html;charset=utf-8" />
  <meta name='ocr-system' content='tesseract 3.04.00' />
  <meta name='ocr-capabilities' content='ocr_page ocr_carea ocr_par ocr_line ocrx_word'/>
</head>
<body>
  <div class='ocr_page' id='page_1' title='image "./saureliiaugustin00augu_0229.png"; bbox 0 0 1514 2438; ppageno 0'>
   <div class='ocr_carea' id='block_1_1' title="bbox 264 113 1355 157">
    <p class='ocr_par' dir='ltr' id='par_1_1' title="bbox 264 113 1355 157">
     <span class='ocr_line' id='line_1_1' title="bbox 264 113 1355 157; baseline -0.005 0"><span class='ocrx_word' id='word_1_1' title='bbox 264 113 793 157; x_wconf 74' lang='lat' dir='ltr'><strong>CONFESSIONUM</strong></span> <span class='ocrx_word' id='word_1_2' title='bbox 820 113 1025 155; x_wconf 87' lang='lat' dir='ltr'>LIBER</span> <span class='ocrx_word' id='word_1_3' title='bbox 1060 113 1116 153; x_wconf 88' lang='lat' dir='ltr'>X.</span> <span class='ocrx_word' id='word_1_4' title='bbox 1276 113 1355 152; x_wconf 76' lang='lat'>203</span> 
     </span>
    </p>
   </div>
   <div class='ocr_carea' id='block_1_2' title="bbox 39 196 1372 2273">
    <p class='ocr_par' dir='ltr' id='par_1_2' title="bbox 39 196 1370 2053">
     <span class='ocr_line' id='line_1_2' title="bbox 41 196 1354 256; baseline -0.005 -13"><span class='ocrx_word' id='word_1_5' title='bbox 41 213 149 243; x_wconf 87' lang='lat' dir='ltr'>cens</span> <span class='ocrx_word' id='word_1_6' title='bbox 169 201 279 256; x_wconf 91' lang='lat' dir='ltr'>quid</span> <span class='ocrx_word' id='word_1_7' title='bbox 299 213 485 242; x_wconf 89' lang='lat' dir='ltr'>caveam</span> <span class='ocrx_word' id='word_1_8' title='bbox 504 205 549 242; x_wconf 90' lang='lat' dir='ltr'>et</span> <span class='ocrx_word' id='word_1_9' title='bbox 568 199 676 255; x_wconf 90' lang='lat' dir='ltr'>quid</span> <span class='ocrx_word' id='word_1_10' title='bbox 695 200 928 253; x_wconf 88' lang='lat' dir='ltr'>adpetam,</span> <span class='ocrx_word' id='word_1_11' title='bbox 954 211 1054 239; x_wconf 92' lang='lat' dir='ltr'>cum</span> <span class='ocrx_word' id='word_1_12' title='bbox 1073 197 1129 238; x_wconf 90' lang='lat' dir='ltr'>ad</span> <span class='ocrx_word' id='word_1_13' title='bbox 1150 201 1195 238; x_wconf 92' lang='lat' dir='ltr'>te</span> <span class='ocrx_word' id='word_1_14' title='bbox 1213 196 1354 237; x_wconf 89' lang='lat' dir='ltr'>refer-</span> 
     </span>
     <span class='ocr_line' id='line_1_3' title="bbox 39 254 1355 311; baseline -0.004 -13"><span class='ocrx_word' id='word_1_15' title='bbox 39 270 136 298; x_wconf 85' lang='lat' dir='ltr'>rem</span> <span class='ocrx_word' id='word_1_16' title='bbox 158 256 384 298; x_wconf 86' lang='lat' dir='ltr'>inferiora</span> <span class='ocrx_word' id='word_1_17' title='bbox 406 259 505 299; x_wconf 83' lang='lat' dir='ltr'>visa</span> <span class='ocrx_word' id='word_1_18' title='bbox 535 269 637 297; x_wconf 90' lang='lat' dir='ltr'>mea</span> <span class='ocrx_word' id='word_1_19' title='bbox 669 269 783 311; x_wconf 89' lang='lat' dir='ltr'>quae</span> <span class='ocrx_word' id='word_1_20' title='bbox 807 255 957 310; x_wconf 91' lang='lat' dir='ltr'>potui,</span> <span class='ocrx_word' id='word_1_21' title='bbox 990 260 1128 309; x_wconf 89' lang='lat' dir='ltr'>teque</span> <span class='ocrx_word' id='word_1_22' title='bbox 1147 254 1355 294; x_wconf 89' lang='lat' dir='ltr'>consule-</span> 
     </span>
     <span class='ocr_line' id='line_1_4' title="bbox 40 309 1356 366; baseline -0.004 -12"><span class='ocrx_word' id='word_1_23' title='bbox 40 313 161 354; x_wconf 62' lang='lat' dir='ltr'>remit</span> <span class='ocrx_word' id='word_1_24' title='bbox 193 313 408 355; x_wconf 84' lang='lat' dir='ltr'>Lustravi</span> <span class='ocrx_word' id='word_1_25' title='bbox 424 313 638 354; x_wconf 91' lang='lat' dir='ltr'>mundum</span> <span class='ocrx_word' id='word_1_26' title='bbox 655 312 770 354; x_wconf 90' lang='lat' dir='ltr'>foris</span> <span class='ocrx_word' id='word_1_27' title='bbox 791 325 929 353; x_wconf 88' lang='lat' dir='ltr'>sensu</span> <span class='ocrx_word' id='word_1_28' title='bbox 947 323 1036 366; x_wconf 93' lang='lat' dir='ltr'>quo</span> <span class='ocrx_word' id='word_1_29' title='bbox 1056 310 1198 365; x_wconf 85' lang='lat' dir='ltr'>potui,</span> <span class='ocrx_word' id='word_1_30' title='bbox 1219 314 1264 350; x_wconf 84' lang='lat' dir='ltr'>et</span> <span class='ocrx_word' id='word_1_31' title='bbox 1282 309 1356 349; x_wconf 90' lang='lat' dir='ltr'>ad-</span> 
     </span>
     <span class='ocr_line' id='line_1_5' title="bbox 41 366 1357 424; baseline -0.005 -13"><span class='ocrx_word' id='word_1_32' title='bbox 41 371 168 411; x_wconf 87' lang='lat' dir='ltr'>tendi</span> <span class='ocrx_word' id='word_1_33' title='bbox 198 370 337 410; x_wconf 87' lang='lat' dir='ltr'>vitam</span> <span class='ocrx_word' id='word_1_34' title='bbox 370 370 576 424; x_wconf 89' lang='lat' dir='ltr'>corporis</span> <span class='ocrx_word' id='word_1_35' title='bbox 610 370 701 409; x_wconf 90' lang='lat' dir='ltr'>mei</span> <span class='ocrx_word' id='word_1_36' title='bbox 733 369 788 409; x_wconf 88' lang='lat' dir='ltr'>de</span> <span class='ocrx_word' id='word_1_37' title='bbox 820 380 913 418; x_wconf 91' lang='lat' dir='ltr'>me,</span> <span class='ocrx_word' id='word_1_38' title='bbox 947 378 1198 421; x_wconf 81' lang='lat' dir='ltr'>sensusque</span> <span class='ocrx_word' id='word_1_39' title='bbox 1231 366 1357 419; x_wconf 91' lang='lat' dir='ltr'>ipsos</span> 
     </span>
     <span class='ocr_line' id='line_1_6' title="bbox 41 422 1358 480; baseline -0.004 -14"><span class='ocrx_word' id='word_1_40' title='bbox 41 438 183 467; x_wconf 85' lang='lat' dir='ltr'>meos.</span> <span class='ocrx_word' id='word_1_41' title='bbox 247 425 356 466; x_wconf 89' lang='lat' dir='ltr'>Inde</span> <span class='ocrx_word' id='word_1_42' title='bbox 389 427 625 480; x_wconf 89' lang='lat' dir='ltr'>ingressus</span> <span class='ocrx_word' id='word_1_43' title='bbox 660 439 758 465; x_wconf 91' lang='lat' dir='ltr'>sum</span> <span class='ocrx_word' id='word_1_44' title='bbox 789 426 836 465; x_wconf 88' lang='lat' dir='ltr'>in</span> <span class='ocrx_word' id='word_1_45' title='bbox 866 435 1078 465; x_wconf 83' lang='lat' dir='ltr'>recessus</span> <span class='ocrx_word' id='word_1_46' title='bbox 1110 422 1358 463; x_wconf 85' lang='lat' dir='ltr'>memoriae</span> 
     </span>
     <span class='ocr_line' id='line_1_7' title="bbox 40 477 1360 536; baseline -0.005 -13"><span class='ocrx_word' id='word_1_47' title='bbox 40 495 190 532; x_wconf 89' lang='lat' dir='ltr'>meae,</span> <span class='ocrx_word' id='word_1_48' title='bbox 223 482 499 536; x_wconf 88' lang='lat' dir='ltr'>multiplices</span> <span class='ocrx_word' id='word_1_49' title='bbox 528 482 849 535; x_wconf 85' lang='lat' dir='ltr'>amplitudines</span> <span class='ocrx_word' id='word_1_50' title='bbox 879 481 1037 536; x_wconf 88' lang='lat' dir='ltr'>plenas</span> <span class='ocrx_word' id='word_1_51' title='bbox 1066 479 1194 519; x_wconf 91' lang='lat' dir='ltr'>miris</span> <span class='ocrx_word' id='word_1_52' title='bbox 1210 477 1360 518; x_wconf 89' lang='lat' dir='ltr'>modis</span> 
     </span>
     <span class='ocr_line' id='line_1_8' title="bbox 44 535 1361 593; baseline -0.004 -14"><span class='ocrx_word' id='word_1_53' title='bbox 44 539 277 593; x_wconf 88' lang='lat' dir='ltr'>copiarum</span> <span class='ocrx_word' id='word_1_54' title='bbox 319 538 742 588; x_wconf 86' lang='lat' dir='ltr'>innumerabilium,</span> <span class='ocrx_word' id='word_1_55' title='bbox 790 542 835 577; x_wconf 90' lang='lat' dir='ltr'>et</span> <span class='ocrx_word' id='word_1_56' title='bbox 865 535 1173 585; x_wconf 85' lang='lat' dir='ltr'>consideravi,</span> <span class='ocrx_word' id='word_1_57' title='bbox 1224 539 1270 574; x_wconf 89' lang='lat' dir='ltr'>et</span> <span class='ocrx_word' id='word_1_58' title='bbox 1287 546 1361 575; x_wconf 84' lang='lat' dir='ltr'>ex-</span> 
     </span>
     <span class='ocr_line' id='line_1_9' title="bbox 42 589 1363 648; baseline -0.002 -14"><span class='ocrx_word' id='word_1_59' title='bbox 42 595 164 648; x_wconf 82' lang='lat' dir='ltr'>pavi,</span> <span class='ocrx_word' id='word_1_60' title='bbox 187 598 232 635; x_wconf 86' lang='lat' dir='ltr'>et</span> <span class='ocrx_word' id='word_1_61' title='bbox 249 592 364 635; x_wconf 90' lang='lat' dir='ltr'>nihil</span> <span class='ocrx_word' id='word_1_62' title='bbox 381 607 540 635; x_wconf 83' lang='lat' dir='ltr'>eorum</span> <span class='ocrx_word' id='word_1_63' title='bbox 559 594 821 635; x_wconf 89' lang='lat' dir='ltr'>discernere</span> <span class='ocrx_word' id='word_1_64' title='bbox 840 592 969 648; x_wconf 85' lang='lat' dir='ltr'>potui</span> <span class='ocrx_word' id='word_1_65' title='bbox 988 592 1086 632; x_wconf 88' lang='lat' dir='ltr'>sine</span> <span class='ocrx_word' id='word_1_66' title='bbox 1103 596 1166 641; x_wconf 85' lang='lat' dir='ltr'>te,</span> <span class='ocrx_word' id='word_1_67' title='bbox 1187 595 1232 630; x_wconf 89' lang='lat' dir='ltr'>et</span> <span class='ocrx_word' id='word_1_68' title='bbox 1249 589 1363 631; x_wconf 85' lang='lat' dir='ltr'>nihil</span> 
     </span>
     <span class='ocr_line' id='line_1_10' title="bbox 44 647 1364 703; baseline -0.005 -12"><span class='ocrx_word' id='word_1_69' title='bbox 44 663 201 691; x_wconf 90' lang='lat' dir='ltr'>eorum</span> <span class='ocrx_word' id='word_1_70' title='bbox 234 662 336 691; x_wconf 87' lang='lat' dir='ltr'>esse</span> <span class='ocrx_word' id='word_1_71' title='bbox 369 656 416 691; x_wconf 90' lang='lat' dir='ltr'>te</span> <span class='ocrx_word' id='word_1_72' title='bbox 444 651 613 692; x_wconf 87' lang='lat' dir='ltr'>inveni.</span> <span class='ocrx_word' id='word_1_73' title='bbox 672 649 769 692; x_wconf 89' lang='lat' dir='ltr'>Nec</span> <span class='ocrx_word' id='word_1_74' title='bbox 796 661 882 703; x_wconf 88' lang='lat' dir='ltr'>ego</span> <span class='ocrx_word' id='word_1_75' title='bbox 901 649 999 703; x_wconf 87' lang='lat' dir='ltr'>ipse</span> <span class='ocrx_word' id='word_1_76' title='bbox 1017 648 1251 696; x_wconf 89' lang='lat' dir='ltr'>inventor,</span> <span class='ocrx_word' id='word_1_77' title='bbox 1287 647 1364 700; x_wconf 90' lang='lat' dir='ltr'>qui</span> 
     </span>
     <span class='ocr_line' id='line_1_11' title="bbox 45 703 1361 761; baseline -0.005 -14"><span class='ocrx_word' id='word_1_78' title='bbox 45 707 287 761; x_wconf 82' lang='lat' dir='ltr'>peragravi</span> <span class='ocrx_word' id='word_1_79' title='bbox 307 708 478 757; x_wconf 88' lang='lat' dir='ltr'>omnia,</span> <span class='ocrx_word' id='word_1_80' title='bbox 510 712 556 748; x_wconf 90' lang='lat' dir='ltr'>et</span> <span class='ocrx_word' id='word_1_81' title='bbox 574 707 857 760; x_wconf 84' lang='lat' dir='ltr'>distinguere</span> <span class='ocrx_word' id='word_1_82' title='bbox 878 711 923 746; x_wconf 91' lang='lat' dir='ltr'>et</span> <span class='ocrx_word' id='word_1_83' title='bbox 938 717 1020 758; x_wconf 87' lang='lat' dir='ltr'>pro</span> <span class='ocrx_word' id='word_1_84' title='bbox 1040 703 1135 744; x_wconf 89' lang='lat' dir='ltr'>suis</span> <span class='ocrx_word' id='word_1_85' title='bbox 1156 714 1361 756; x_wconf 84' lang='lat' dir='ltr'>quaeque</span> 
     </span>
     <span class='ocr_line' id='line_1_12' title="bbox 47 759 1365 818; baseline -0.005 -14"><span class='ocrx_word' id='word_1_86' title='bbox 47 763 347 818; x_wconf 87' lang='lat' dir='ltr'>dignitatibus</span> <span class='ocrx_word' id='word_1_87' title='bbox 378 764 620 804; x_wconf 83' lang='lat' dir='ltr'>aestimare</span> <span class='ocrx_word' id='word_1_88' title='bbox 645 768 835 803; x_wconf 88' lang='lat' dir='ltr'>conatus</span> <span class='ocrx_word' id='word_1_89' title='bbox 860 774 978 812; x_wconf 92' lang='lat' dir='ltr'>sum,</span> <span class='ocrx_word' id='word_1_90' title='bbox 1014 759 1247 813; x_wconf 83' lang='lat' dir='ltr'>excipiens</span> <span class='ocrx_word' id='word_1_91' title='bbox 1273 759 1365 798; x_wconf 87' lang='lat' dir='ltr'>alia</span> 
     </span>
     <span class='ocr_line' id='line_1_13' title="bbox 44 815 1364 871; baseline -0.005 -11"><span class='ocrx_word' id='word_1_92' title='bbox 44 819 356 860; x_wconf 88' lang='lat' dir='ltr'>nuntiantibus</span> <span class='ocrx_word' id='word_1_93' title='bbox 390 819 621 871; x_wconf 89' lang='lat' dir='ltr'>sensibus,</span> <span class='ocrx_word' id='word_1_94' title='bbox 665 824 711 859; x_wconf 88' lang='lat' dir='ltr'>et</span> <span class='ocrx_word' id='word_1_95' title='bbox 742 818 1032 871; x_wconf 90' lang='lat' dir='ltr'>interrogans</span> <span class='ocrx_word' id='word_1_96' title='bbox 1066 815 1158 856; x_wconf 87' lang='lat' dir='ltr'>alia</span> <span class='ocrx_word' id='word_1_97' title='bbox 1186 827 1364 855; x_wconf 90' lang='lat' dir='ltr'>mecum</span> 
     </span>
     <span class='ocr_line' id='line_1_14' title="bbox 46 872 1362 929; baseline -0.005 -13"><span class='ocrx_word' id='word_1_98' title='bbox 46 875 293 916; x_wconf 85' lang='lat' dir='ltr'>commixta</span> <span class='ocrx_word' id='word_1_99' title='bbox 334 876 559 925; x_wconf 88' lang='lat' dir='ltr'>sentiens,</span> <span class='ocrx_word' id='word_1_100' title='bbox 606 875 823 929; x_wconf 90' lang='lat' dir='ltr'>ipsosque</span> <span class='ocrx_word' id='word_1_101' title='bbox 861 874 1046 914; x_wconf 92' lang='lat' dir='ltr'>nuntios</span> <span class='ocrx_word' id='word_1_102' title='bbox 1086 872 1362 925; x_wconf 83' lang='lat' dir='ltr'>dignoscens</span> 
     </span>
     <span class='ocr_line' id='line_1_15' title="bbox 46 927 1362 985; baseline -0.005 -14"><span class='ocrx_word' id='word_1_103' title='bbox 46 936 181 985; x_wconf 87' lang='lat' dir='ltr'>atque</span> <span class='ocrx_word' id='word_1_104' title='bbox 201 931 513 982; x_wconf 86' lang='lat' dir='ltr'>dinumerans,</span> <span class='ocrx_word' id='word_1_105' title='bbox 531 932 712 985; x_wconf 88' lang='lat' dir='ltr'>iamque</span> <span class='ocrx_word' id='word_1_106' title='bbox 729 931 777 970; x_wconf 89' lang='lat' dir='ltr'>in</span> <span class='ocrx_word' id='word_1_107' title='bbox 797 931 1046 970; x_wconf 88' lang='lat' dir='ltr'>memoriae</span> <span class='ocrx_word' id='word_1_108' title='bbox 1069 928 1176 969; x_wconf 89' lang='lat' dir='ltr'>latis</span> <span class='ocrx_word' id='word_1_109' title='bbox 1201 927 1362 981; x_wconf 90' lang='lat' dir='ltr'>opibus</span> 
     </span>
     <span class='ocr_line' id='line_1_16' title="bbox 46 986 1362 1040; baseline -0.004 -13"><span class='ocrx_word' id='word_1_110' title='bbox 46 988 140 1028; x_wconf 85' lang='lat' dir='ltr'>alia</span> <span class='ocrx_word' id='word_1_111' title='bbox 153 992 452 1040; x_wconf 86' lang='lat' dir='ltr'>pertractans,</span> <span class='ocrx_word' id='word_1_112' title='bbox 468 988 558 1029; x_wconf 91' lang='lat' dir='ltr'>alia</span> <span class='ocrx_word' id='word_1_113' title='bbox 574 986 949 1037; x_wconf 88' lang='lat' dir='ltr'>recondens,alia</span> <span class='ocrx_word' id='word_1_114' title='bbox 967 997 1149 1026; x_wconf 89' lang='lat' dir='ltr'>eruens:</span> <span class='ocrx_word' id='word_1_115' title='bbox 1169 995 1255 1024; x_wconf 87' lang='lat' dir='ltr'>nec</span> <span class='ocrx_word' id='word_1_116' title='bbox 1275 995 1362 1037; x_wconf 90' lang='lat' dir='ltr'>ego</span> 
     </span>
     <span class='ocr_line' id='line_1_17' title="bbox 45 1040 1362 1098; baseline -0.004 -14"><span class='ocrx_word' id='word_1_117' title='bbox 45 1044 144 1096; x_wconf 91' lang='lat' dir='ltr'>ipse</span> <span class='ocrx_word' id='word_1_118' title='bbox 169 1056 269 1084; x_wconf 92' lang='lat' dir='ltr'>cum</span> <span class='ocrx_word' id='word_1_119' title='bbox 299 1042 414 1085; x_wconf 89' lang='lat' dir='ltr'>haec</span> <span class='ocrx_word' id='word_1_120' title='bbox 431 1056 634 1098; x_wconf 85' lang='lat' dir='ltr'>agerem,</span> <span class='ocrx_word' id='word_1_121' title='bbox 667 1043 717 1083; x_wconf 90' lang='lat' dir='ltr'>id</span> <span class='ocrx_word' id='word_1_122' title='bbox 736 1047 826 1094; x_wconf 90' lang='lat' dir='ltr'>est,</span> <span class='ocrx_word' id='word_1_123' title='bbox 848 1044 918 1084; x_wconf 86' lang='lat' dir='ltr'>vis</span> <span class='ocrx_word' id='word_1_124' title='bbox 935 1053 1057 1092; x_wconf 89' lang='lat' dir='ltr'>mea,</span> <span class='ocrx_word' id='word_1_125' title='bbox 1087 1053 1176 1095; x_wconf 92' lang='lat' dir='ltr'>qua</span> <span class='ocrx_word' id='word_1_126' title='bbox 1192 1040 1240 1081; x_wconf 92' lang='lat' dir='ltr'>id</span> <span class='ocrx_word' id='word_1_127' title='bbox 1258 1051 1362 1093; x_wconf 85' lang='lat' dir='ltr'>age-</span> 
     </span>
     <span class='ocr_line' id='line_1_18' title="bbox 44 1099 1362 1154; baseline -0.005 -13"><span class='ocrx_word' id='word_1_128' title='bbox 44 1101 168 1151; x_wconf 84' lang='lat' dir='ltr'>ban13</span> <span class='ocrx_word' id='word_1_129' title='bbox 201 1112 287 1141; x_wconf 86' lang='lat' dir='ltr'>nec</span> <span class='ocrx_word' id='word_1_130' title='bbox 316 1102 416 1154; x_wconf 90' lang='lat' dir='ltr'>ipse</span> <span class='ocrx_word' id='word_1_131' title='bbox 450 1112 550 1141; x_wconf 87' lang='lat' dir='ltr'>eras</span> <span class='ocrx_word' id='word_1_132' title='bbox 569 1105 637 1149; x_wconf 91' lang='lat' dir='ltr'>tu,</span> <span class='ocrx_word' id='word_1_133' title='bbox 674 1099 780 1154; x_wconf 89' lang='lat' dir='ltr'>quia</span> <span class='ocrx_word' id='word_1_134' title='bbox 810 1099 891 1140; x_wconf 82' lang='lat' dir='ltr'>lux</span> <span class='ocrx_word' id='word_1_135' title='bbox 923 1110 971 1139; x_wconf 89' lang='lat' dir='ltr'>es</span> <span class='ocrx_word' id='word_1_136' title='bbox 1003 1102 1055 1138; x_wconf 87' lang='lat' dir='ltr'>tu</span> <span class='ocrx_word' id='word_1_137' title='bbox 1076 1108 1362 1152; x_wconf 88' lang='lat' dir='ltr'>permanens,</span> 
     </span>
     <span class='ocr_line' id='line_1_19' title="bbox 47 1152 1363 1210; baseline -0.004 -14"><span class='ocrx_word' id='word_1_138' title='bbox 47 1168 180 1210; x_wconf 90' lang='lat' dir='ltr'>quam</span> <span class='ocrx_word' id='word_1_139' title='bbox 209 1156 265 1198; x_wconf 89' lang='lat' dir='ltr'>de</span> <span class='ocrx_word' id='word_1_140' title='bbox 298 1156 506 1197; x_wconf 90' lang='lat' dir='ltr'>omnibus</span> <span class='ocrx_word' id='word_1_141' title='bbox 533 1155 849 1206; x_wconf 88' lang='lat' dir='ltr'>consulebam,</span> <span class='ocrx_word' id='word_1_142' title='bbox 884 1167 940 1195; x_wconf 92' lang='lat' dir='ltr'>an</span> <span class='ocrx_word' id='word_1_143' title='bbox 959 1158 1134 1204; x_wconf 91' lang='lat' dir='ltr'>essent,</span> <span class='ocrx_word' id='word_1_144' title='bbox 1169 1152 1277 1208; x_wconf 93' lang='lat' dir='ltr'>quid</span> <span class='ocrx_word' id='word_1_145' title='bbox 1297 1164 1363 1192; x_wconf 88' lang='lat' dir='ltr'>es-</span> 
     </span>
     <span class='ocr_line' id='line_1_20' title="bbox 46 1209 1363 1268; baseline -0.004 -16"><span class='ocrx_word' id='word_1_146' title='bbox 46 1217 167 1263; x_wconf 87' lang='lat' dir='ltr'>sent,</span> <span class='ocrx_word' id='word_1_147' title='bbox 201 1213 359 1268; x_wconf 88' lang='lat' dir='ltr'>quanti</span> <span class='ocrx_word' id='word_1_148' title='bbox 376 1212 618 1266; x_wconf 90' lang='lat' dir='ltr'>pendenda</span> <span class='ocrx_word' id='word_1_149' title='bbox 635 1217 804 1253; x_wconf 87' lang='lat' dir='ltr'>essent.</span> <span class='ocrx_word' id='word_1_150' title='bbox 863 1211 923 1251; x_wconf 91' lang='lat' dir='ltr'>Et</span> <span class='ocrx_word' id='word_1_151' title='bbox 939 1210 1180 1251; x_wconf 89' lang='lat' dir='ltr'>audiebam</span> <span class='ocrx_word' id='word_1_152' title='bbox 1199 1209 1363 1248; x_wconf 89' lang='lat' dir='ltr'>docen-</span> 
     </span>
     <span class='ocr_line' id='line_1_21' title="bbox 45 1263 1364 1322; baseline -0.005 -13"><span class='ocrx_word' id='word_1_153' title='bbox 45 1274 138 1309; x_wconf 86' lang='lat' dir='ltr'>tem</span> <span class='ocrx_word' id='word_1_154' title='bbox 155 1280 208 1309; x_wconf 90' lang='lat' dir='ltr'>ac</span> <span class='ocrx_word' id='word_1_155' title='bbox 231 1268 483 1318; x_wconf 78' lang='lat' dir='ltr'>iubentem3</span> <span class='ocrx_word' id='word_1_156' title='bbox 517 1274 563 1309; x_wconf 89' lang='lat' dir='ltr'>et</span> <span class='ocrx_word' id='word_1_157' title='bbox 580 1280 718 1322; x_wconf 90' lang='lat' dir='ltr'>saepe</span> <span class='ocrx_word' id='word_1_158' title='bbox 735 1267 861 1308; x_wconf 88' lang='lat' dir='ltr'>istud</span> <span class='ocrx_word' id='word_1_159' title='bbox 877 1266 1016 1307; x_wconf 88' lang='lat' dir='ltr'>facio.</span> <span class='ocrx_word' id='word_1_160' title='bbox 1074 1265 1181 1306; x_wconf 90' lang='lat' dir='ltr'>Hoc</span> <span class='ocrx_word' id='word_1_161' title='bbox 1198 1276 1269 1305; x_wconf 89' lang='lat' dir='ltr'>me</span> <span class='ocrx_word' id='word_1_162' title='bbox 1290 1263 1364 1303; x_wconf 91' lang='lat' dir='ltr'>de-</span> 
     </span>
     <span class='ocr_line' id='line_1_22' title="bbox 46 1319 1365 1375; baseline -0.005 -11"><span class='ocrx_word' id='word_1_163' title='bbox 46 1324 209 1375; x_wconf 85' lang='lat' dir='ltr'>lectat,</span> <span class='ocrx_word' id='word_1_164' title='bbox 245 1330 291 1366; x_wconf 91' lang='lat' dir='ltr'>et</span> <span class='ocrx_word' id='word_1_165' title='bbox 314 1325 369 1365; x_wconf 90' lang='lat' dir='ltr'>ab</span> <span class='ocrx_word' id='word_1_166' title='bbox 389 1324 647 1366; x_wconf 85' lang='lat' dir='ltr'>actionibus</span> <span class='ocrx_word' id='word_1_167' title='bbox 666 1323 981 1372; x_wconf 87' lang='lat' dir='ltr'>necessitatis,</span> <span class='ocrx_word' id='word_1_168' title='bbox 1016 1325 1233 1375; x_wconf 91' lang='lat' dir='ltr'>quantum</span> <span class='ocrx_word' id='word_1_169' title='bbox 1249 1319 1365 1359; x_wconf 87' lang='lat' dir='ltr'>rela-</span> 
     </span>
     <span class='ocr_line' id='line_1_23' title="bbox 46 1374 1364 1434; baseline -0.005 -14"><span class='ocrx_word' id='word_1_170' title='bbox 46 1380 149 1420; x_wconf 83' lang='lat' dir='ltr'>xari</span> <span class='ocrx_word' id='word_1_171' title='bbox 169 1392 378 1433; x_wconf 90' lang='lat' dir='ltr'>possum,</span> <span class='ocrx_word' id='word_1_172' title='bbox 413 1381 469 1421; x_wconf 88' lang='lat' dir='ltr'>ad</span> <span class='ocrx_word' id='word_1_173' title='bbox 491 1381 626 1420; x_wconf 86' lang='lat' dir='ltr'>istam</span> <span class='ocrx_word' id='word_1_174' title='bbox 645 1379 928 1434; x_wconf 90' lang='lat' dir='ltr'>voluptatem</span> <span class='ocrx_word' id='word_1_175' title='bbox 944 1376 1144 1432; x_wconf 90' lang='lat' dir='ltr'>refugio.</span> <span class='ocrx_word' id='word_1_176' title='bbox 1204 1374 1364 1429; x_wconf 90' lang='lat' dir='ltr'>Neque</span> 
     </span>
     <span class='ocr_line' id='line_1_24' title="bbox 47 1431 1363 1490; baseline -0.004 -15"><span class='ocrx_word' id='word_1_177' title='bbox 47 1436 92 1476; x_wconf 92' lang='lat' dir='ltr'>in</span> <span class='ocrx_word' id='word_1_178' title='bbox 113 1434 182 1476; x_wconf 88' lang='lat' dir='ltr'>his</span> <span class='ocrx_word' id='word_1_179' title='bbox 205 1436 436 1486; x_wconf 89' lang='lat' dir='ltr'>omnibus,</span> <span class='ocrx_word' id='word_1_180' title='bbox 457 1447 571 1490; x_wconf 88' lang='lat' dir='ltr'>quae</span> <span class='ocrx_word' id='word_1_181' title='bbox 590 1447 810 1490; x_wconf 85' lang='lat' dir='ltr'>percurro</span> <span class='ocrx_word' id='word_1_182' title='bbox 832 1434 1076 1475; x_wconf 89' lang='lat' dir='ltr'>consulens</span> <span class='ocrx_word' id='word_1_183' title='bbox 1094 1438 1161 1482; x_wconf 90' lang='lat' dir='ltr'>te,</span> <span class='ocrx_word' id='word_1_184' title='bbox 1180 1431 1363 1472; x_wconf 86' lang='lat' dir='ltr'>invenio</span> 
     </span>
     <span class='ocr_line' id='line_1_25' title="bbox 45 1488 1368 1544; baseline -0.004 -12"><span class='ocrx_word' id='word_1_185' title='bbox 45 1496 192 1533; x_wconf 86' lang='lat' dir='ltr'>tutum</span> <span class='ocrx_word' id='word_1_186' title='bbox 209 1491 361 1532; x_wconf 88' lang='lat' dir='ltr'>locum</span> <span class='ocrx_word' id='word_1_187' title='bbox 380 1492 555 1532; x_wconf 88' lang='lat' dir='ltr'>animae</span> <span class='ocrx_word' id='word_1_188' title='bbox 574 1503 719 1542; x_wconf 87' lang='lat' dir='ltr'>meae,</span> <span class='ocrx_word' id='word_1_189' title='bbox 737 1491 827 1532; x_wconf 88' lang='lat' dir='ltr'>nisi</span> <span class='ocrx_word' id='word_1_190' title='bbox 842 1491 889 1530; x_wconf 93' lang='lat' dir='ltr'>in</span> <span class='ocrx_word' id='word_1_191' title='bbox 904 1495 967 1540; x_wconf 88' lang='lat' dir='ltr'>te,</span> <span class='ocrx_word' id='word_1_192' title='bbox 982 1501 1070 1544; x_wconf 93' lang='lat' dir='ltr'>quo</span> <span class='ocrx_word' id='word_1_193' title='bbox 1091 1488 1368 1542; x_wconf 90' lang='lat' dir='ltr'>colligantur</span> 
     </span>
     <span class='ocr_line' id='line_1_26' title="bbox 47 1543 1369 1602; baseline -0.004 -14"><span class='ocrx_word' id='word_1_194' title='bbox 47 1559 207 1602; x_wconf 88' lang='lat' dir='ltr'>sparsa</span> <span class='ocrx_word' id='word_1_195' title='bbox 237 1560 361 1598; x_wconf 90' lang='lat' dir='ltr'>mea,</span> <span class='ocrx_word' id='word_1_196' title='bbox 394 1560 479 1588; x_wconf 90' lang='lat' dir='ltr'>nec</span> <span class='ocrx_word' id='word_1_197' title='bbox 509 1561 535 1588; x_wconf 92' lang='lat' dir='ltr'>a</span> <span class='ocrx_word' id='word_1_198' title='bbox 557 1553 602 1588; x_wconf 91' lang='lat' dir='ltr'>te</span> <span class='ocrx_word' id='word_1_199' title='bbox 622 1547 869 1602; x_wconf 90' lang='lat' dir='ltr'>quidquam</span> <span class='ocrx_word' id='word_1_200' title='bbox 884 1546 1073 1586; x_wconf 84' lang='lat' dir='ltr'>recedat</span> <span class='ocrx_word' id='word_1_201' title='bbox 1091 1557 1148 1585; x_wconf 84' lang='lat' dir='ltr'>ex</span> <span class='ocrx_word' id='word_1_202' title='bbox 1163 1556 1250 1584; x_wconf 90' lang='lat' dir='ltr'>me.</span> <span class='ocrx_word' id='word_1_203' title='bbox 1308 1543 1369 1583; x_wconf 91' lang='lat' dir='ltr'>Et</span> 
     </span>
     <span class='ocr_line' id='line_1_27' title="bbox 47 1600 1368 1659; baseline -0.004 -15"><span class='ocrx_word' id='word_1_204' title='bbox 47 1604 293 1659; x_wconf 86' lang='lat' dir='ltr'>aliquando</span> <span class='ocrx_word' id='word_1_205' title='bbox 319 1605 587 1645; x_wconf 89' lang='lat' dir='ltr'>intromittis</span> <span class='ocrx_word' id='word_1_206' title='bbox 616 1616 687 1645; x_wconf 90' lang='lat' dir='ltr'>me</span> <span class='ocrx_word' id='word_1_207' title='bbox 710 1604 758 1644; x_wconf 89' lang='lat' dir='ltr'>in</span> <span class='ocrx_word' id='word_1_208' title='bbox 776 1601 1007 1644; x_wconf 84' lang='lat' dir='ltr'>adfectum</span> <span class='ocrx_word' id='word_1_209' title='bbox 1022 1602 1213 1642; x_wconf 87' lang='lat' dir='ltr'>multum</span> <span class='ocrx_word' id='word_1_210' title='bbox 1227 1600 1368 1640; x_wconf 90' lang='lat' dir='ltr'>inusi-</span> 
     </span>
     <span class='ocr_line' id='line_1_28' title="bbox 46 1657 1370 1714; baseline -0.004 -13"><span class='ocrx_word' id='word_1_211' title='bbox 46 1665 191 1701; x_wconf 84' lang='lat' dir='ltr'>tatum</span> <span class='ocrx_word' id='word_1_212' title='bbox 206 1661 434 1702; x_wconf 88' lang='lat' dir='ltr'>introrsus</span> <span class='ocrx_word' id='word_1_213' title='bbox 454 1660 511 1701; x_wconf 93' lang='lat' dir='ltr'>ad</span> <span class='ocrx_word' id='word_1_214' title='bbox 528 1660 686 1701; x_wconf 90' lang='lat' dir='ltr'>nescio</span> <span class='ocrx_word' id='word_1_215' title='bbox 707 1672 839 1714; x_wconf 88' lang='lat' dir='ltr'>quam</span> <span class='ocrx_word' id='word_1_216' title='bbox 859 1658 1166 1708; x_wconf 90' lang='lat' dir='ltr'>dulcedinem,</span> <span class='ocrx_word' id='word_1_217' title='bbox 1196 1668 1310 1710; x_wconf 89' lang='lat' dir='ltr'>quae</span> <span class='ocrx_word' id='word_1_218' title='bbox 1330 1657 1370 1696; x_wconf 86' lang='lat' dir='ltr'>si</span> 
     </span>
     <span class='ocr_line' id='line_1_29' title="bbox 46 1713 1369 1771; baseline -0.005 -14"><span class='ocrx_word' id='word_1_219' title='bbox 46 1717 312 1771; x_wconf 88' lang='lat' dir='ltr'>perficiatur</span> <span class='ocrx_word' id='word_1_220' title='bbox 328 1717 375 1757; x_wconf 93' lang='lat' dir='ltr'>in</span> <span class='ocrx_word' id='word_1_221' title='bbox 392 1729 479 1768; x_wconf 89' lang='lat' dir='ltr'>me,</span> <span class='ocrx_word' id='word_1_222' title='bbox 498 1718 655 1758; x_wconf 89' lang='lat' dir='ltr'>nescio</span> <span class='ocrx_word' id='word_1_223' title='bbox 677 1716 786 1771; x_wconf 92' lang='lat' dir='ltr'>quid</span> <span class='ocrx_word' id='word_1_224' title='bbox 803 1717 904 1766; x_wconf 88' lang='lat' dir='ltr'>erit,</span> <span class='ocrx_word' id='word_1_225' title='bbox 922 1715 1043 1769; x_wconf 93' lang='lat' dir='ltr'>quod</span> <span class='ocrx_word' id='word_1_226' title='bbox 1059 1715 1155 1754; x_wconf 86' lang='lat' dir='ltr'>vita</span> <span class='ocrx_word' id='word_1_227' title='bbox 1169 1713 1262 1754; x_wconf 83' lang='lat' dir='ltr'>ista</span> <span class='ocrx_word' id='word_1_228' title='bbox 1277 1724 1369 1752; x_wconf 90' lang='lat' dir='ltr'>non</span> 
     </span>
     <span class='ocr_line' id='line_1_30' title="bbox 50 1769 1370 1825; baseline -0.004 -13"><span class='ocrx_word' id='word_1_229' title='bbox 50 1773 151 1813; x_wconf 88' lang='lat' dir='ltr'>erit.</span> <span class='ocrx_word' id='word_1_230' title='bbox 212 1772 304 1815; x_wconf 89' lang='lat' dir='ltr'>Sed</span> <span class='ocrx_word' id='word_1_231' title='bbox 326 1773 484 1815; x_wconf 90' lang='lat' dir='ltr'>recido</span> <span class='ocrx_word' id='word_1_232' title='bbox 503 1773 552 1813; x_wconf 88' lang='lat' dir='ltr'>in</span> <span class='ocrx_word' id='word_1_233' title='bbox 568 1771 683 1813; x_wconf 90' lang='lat' dir='ltr'>haec</span> <span class='ocrx_word' id='word_1_234' title='bbox 701 1772 985 1813; x_wconf 88' lang='lat' dir='ltr'>aerumnosis</span> <span class='ocrx_word' id='word_1_235' title='bbox 1003 1769 1304 1825; x_wconf 88' lang='lat' dir='ltr'>ponderibus,</span> <span class='ocrx_word' id='word_1_236' title='bbox 1325 1773 1370 1807; x_wconf 88' lang='lat' dir='ltr'>et</span> 
     </span>
     <span class='ocr_line' id='line_1_31' title="bbox 46 1824 1368 1879; baseline -0.004 -10"><span class='ocrx_word' id='word_1_237' title='bbox 46 1828 297 1870; x_wconf 86' lang='lat' dir='ltr'>resorbeor</span> <span class='ocrx_word' id='word_1_238' title='bbox 314 1829 481 1879; x_wconf 88' lang='lat' dir='ltr'>solitis,</span> <span class='ocrx_word' id='word_1_239' title='bbox 502 1834 548 1870; x_wconf 91' lang='lat' dir='ltr'>et</span> <span class='ocrx_word' id='word_1_240' title='bbox 565 1834 743 1879; x_wconf 91' lang='lat' dir='ltr'>teneor,</span> <span class='ocrx_word' id='word_1_241' title='bbox 764 1833 810 1868; x_wconf 92' lang='lat' dir='ltr'>et</span> <span class='ocrx_word' id='word_1_242' title='bbox 825 1827 1016 1868; x_wconf 90' lang='lat' dir='ltr'>multum</span> <span class='ocrx_word' id='word_1_243' title='bbox 1033 1824 1139 1876; x_wconf 90' lang='lat' dir='ltr'>fleo,</span> <span class='ocrx_word' id='word_1_244' title='bbox 1159 1825 1242 1866; x_wconf 90' lang='lat' dir='ltr'>sed</span> <span class='ocrx_word' id='word_1_245' title='bbox 1258 1824 1368 1865; x_wconf 89' lang='lat' dir='ltr'>mul-</span> 
     </span>
     <span class='ocr_line' id='line_1_32' title="bbox 47 1881 1368 1934; baseline -0.005 -9"><span class='ocrx_word' id='word_1_246' title='bbox 47 1890 144 1925; x_wconf 86' lang='lat' dir='ltr'>tum</span> <span class='ocrx_word' id='word_1_247' title='bbox 174 1890 352 1926; x_wconf 86' lang='lat' dir='ltr'>teneor.</span> <span class='ocrx_word' id='word_1_248' title='bbox 413 1886 610 1926; x_wconf 87' lang='lat' dir='ltr'>Tantum</span> <span class='ocrx_word' id='word_1_249' title='bbox 643 1883 988 1926; x_wconf 87' lang='lat' dir='ltr'>consuetudinis</span> <span class='ocrx_word' id='word_1_250' title='bbox 1022 1882 1204 1923; x_wconf 88' lang='lat' dir='ltr'>sarcina</span> <span class='ocrx_word' id='word_1_251' title='bbox 1229 1881 1368 1934; x_wconf 87' lang='lat' dir='ltr'>digna</span> 
     </span>
     <span class='ocr_line' id='line_1_33' title="bbox 51 1936 1369 1996; baseline -0.005 -15"><span class='ocrx_word' id='word_1_252' title='bbox 51 1946 122 1981; x_wconf 92' lang='lat' dir='ltr'>est</span> <span class='ocrx_word' id='word_1_253' title='bbox 155 1939 236 1995; x_wconf 90' lang='lat' dir='ltr'>[al.</span> <span class='ocrx_word' id='word_1_254' title='bbox 262 1939 521 1996; x_wconf 64' lang='lat' dir='ltr'>degravat}</span> <span class='ocrx_word' id='word_1_255' title='bbox 580 1941 672 1982; x_wconf 92' lang='lat' dir='ltr'>Hic</span> <span class='ocrx_word' id='word_1_256' title='bbox 697 1953 799 1982; x_wconf 90' lang='lat' dir='ltr'>esse</span> <span class='ocrx_word' id='word_1_257' title='bbox 820 1940 975 1992; x_wconf 87' lang='lat' dir='ltr'>valeo,</span> <span class='ocrx_word' id='word_1_258' title='bbox 1005 1951 1091 1980; x_wconf 90' lang='lat' dir='ltr'>nec</span> <span class='ocrx_word' id='word_1_259' title='bbox 1111 1938 1240 1988; x_wconf 92' lang='lat' dir='ltr'>volo;</span> <span class='ocrx_word' id='word_1_260' title='bbox 1271 1936 1369 1977; x_wconf 91' lang='lat' dir='ltr'>illic</span> 
     </span>
     <span class='ocr_line' id='line_1_34' title="bbox 49 1996 900 2053; baseline 0 -16"><span class='ocrx_word' id='word_1_261' title='bbox 49 1996 174 2047; x_wconf 82' lang='lat' dir='ltr'>volo,</span> <span class='ocrx_word' id='word_1_262' title='bbox 194 2009 279 2037; x_wconf 88' lang='lat' dir='ltr'>nec</span> <span class='ocrx_word' id='word_1_263' title='bbox 297 1996 450 2048; x_wconf 81' lang='lat' dir='ltr'>vale03</span> <span class='ocrx_word' id='word_1_264' title='bbox 480 1997 621 2038; x_wconf 91' lang='lat' dir='ltr'>miser</span> <span class='ocrx_word' id='word_1_265' title='bbox 638 1997 900 2053; x_wconf 89' lang='lat' dir='ltr'>utrobique.</span> 
     </span>
    </p>

    <p class='ocr_par' dir='ltr' id='par_1_3' title="bbox 51 2051 1372 2273">
     <span class='ocr_line' id='line_1_35' title="bbox 135 2051 1369 2107; baseline -0.006 -15"><span class='ocrx_word' id='word_1_266' title='bbox 135 2053 184 2094; x_wconf 88' lang='lat' dir='ltr'>C.</span> <span class='ocrx_word' id='word_1_267' title='bbox 209 2052 330 2094; x_wconf 88' lang='lat' dir='ltr'>XLI.</span> <span class='ocrx_word' id='word_1_268' title='bbox 390 2052 594 2107; x_wconf 89' lang='lat' dir='ltr'>Ideoque</span> <span class='ocrx_word' id='word_1_269' title='bbox 629 2052 920 2093; x_wconf 86' lang='lat' dir='ltr'>consideravi</span> <span class='ocrx_word' id='word_1_270' title='bbox 942 2051 1192 2106; x_wconf 89' lang='lat' dir='ltr'>languores</span> <span class='ocrx_word' id='word_1_271' title='bbox 1210 2058 1369 2102; x_wconf 87' lang='lat' dir='ltr'>pecca-</span> 
     </span>
     <span class='ocr_line' id='line_1_36' title="bbox 51 2105 1372 2162; baseline -0.005 -15"><span class='ocrx_word' id='word_1_272' title='bbox 51 2114 203 2149; x_wconf 91' lang='lat' dir='ltr'>torum</span> <span class='ocrx_word' id='word_1_273' title='bbox 233 2120 441 2150; x_wconf 90' lang='lat' dir='ltr'>meorum</span> <span class='ocrx_word' id='word_1_274' title='bbox 472 2108 520 2147; x_wconf 91' lang='lat' dir='ltr'>in</span> <span class='ocrx_word' id='word_1_275' title='bbox 554 2110 803 2162; x_wconf 88' lang='lat' dir='ltr'>cupiditate</span> <span class='ocrx_word' id='word_1_276' title='bbox 834 2107 1026 2161; x_wconf 82' lang='lat' dir='ltr'>triplici3</span> <span class='ocrx_word' id='word_1_277' title='bbox 1061 2111 1106 2146; x_wconf 91' lang='lat' dir='ltr'>et</span> <span class='ocrx_word' id='word_1_278' title='bbox 1135 2105 1372 2145; x_wconf 77' lang='lat' dir='ltr'>dexteram</span> 
     </span>
     <span class='ocr_line' id='line_1_37' title="bbox 52 2158 1370 2213; baseline -0.005 -10"><span class='ocrx_word' id='word_1_279' title='bbox 52 2168 177 2203; x_wconf 84' lang='lat' dir='ltr'>tuam</span> <span class='ocrx_word' id='word_1_280' title='bbox 207 2165 420 2205; x_wconf 88' lang='lat' dir='ltr'>invocavi</span> <span class='ocrx_word' id='word_1_281' title='bbox 443 2165 500 2204; x_wconf 91' lang='lat' dir='ltr'>ad</span> <span class='ocrx_word' id='word_1_282' title='bbox 523 2165 717 2205; x_wconf 86' lang='lat' dir='ltr'>salutem</span> <span class='ocrx_word' id='word_1_283' title='bbox 739 2177 900 2205; x_wconf 87' lang='lat' dir='ltr'>meam.</span> <span class='ocrx_word' id='word_1_284' title='bbox 959 2162 1069 2204; x_wconf 91' lang='lat' dir='ltr'>Vidi</span> <span class='ocrx_word' id='word_1_285' title='bbox 1087 2160 1205 2200; x_wconf 89' lang='lat' dir='ltr'>enim</span> <span class='ocrx_word' id='word_1_286' title='bbox 1224 2158 1370 2213; x_wconf 86' lang='lat' dir='ltr'>splen-</span> 
     </span>
     <span class='ocr_line' id='line_1_38' title="bbox 55 2214 1370 2273; baseline -0.005 -14"><span class='ocrx_word' id='word_1_287' title='bbox 55 2218 213 2261; x_wconf 88' lang='lat' dir='ltr'>dorem</span> <span class='ocrx_word' id='word_1_288' title='bbox 228 2225 356 2263; x_wconf 89' lang='lat' dir='ltr'>tuum</span> <span class='ocrx_word' id='word_1_289' title='bbox 374 2220 513 2262; x_wconf 90' lang='lat' dir='ltr'>corde</span> <span class='ocrx_word' id='word_1_290' title='bbox 533 2221 705 2272; x_wconf 90' lang='lat' dir='ltr'>saucio,</span> <span class='ocrx_word' id='word_1_291' title='bbox 725 2227 771 2261; x_wconf 89' lang='lat' dir='ltr'>et</span> <span class='ocrx_word' id='word_1_292' title='bbox 787 2231 1082 2273; x_wconf 88' lang='lat' dir='ltr'>repercussus</span> <span class='ocrx_word' id='word_1_293' title='bbox 1102 2215 1214 2257; x_wconf 78' lang='lat' dir='ltr'>dixi:</span> <span class='ocrx_word' id='word_1_294' title='bbox 1260 2214 1370 2262; x_wconf 78' lang='lat' dir='ltr'>Quis</span> 
     </span>
    </p>
   </div>
  </div>
 </body>
</html>
