1473 2443
83 134 159 174 118
401 132 677 175 AURELII
705 134 1072 177 AUGUSTINI

80 231 333 268 amorem,
365 231 427 259 ne
458 218 669 260 fiducia
695 221 776 261 sui
797 220 1260 275 progrederentur
1281 219 1390 260 lon-

79 278 219 329 gius,
251 275 343 315 sed
372 276 559 328 potius
588 274 1000 316 infirmarentur
1029 277 1280 316 videntes
1309 288 1388 315 an-

77 337 129 371 te
154 331 314 384 pedes
342 343 469 370 suos
493 330 757 371 infirmam
783 332 1119 372 divinitatem
1145 343 1207 372 ex
1227 332 1388 385 parti-

80 388 354 440 cipatione
377 387 598 427 tunicae
622 387 888 440 pelliceae
914 393 1153 437 nostrae,
1175 392 1225 426 et
1252 388 1385 426 lassi

78 446 564 495 prosternerentur
584 443 639 483 in
671 444 800 493 eam‘,
832 444 933 484 illa
957 449 1133 483 autem
1158 455 1388 496 surgens

79 500 127 538 le
141 510 228 537 var
239 502 289 538 et
317 509 339 537 e
352 510 376 537 o
388 511 422 538 s.

168 554 216 593 C.
243 553 365 593 XIX.
424 553 523 606 Ego
557 566 666 594 vero
700 554 823 595 aliud
854 556 1085 608 putabam,
1125 559 1389 607 tantumque

82 610 333 650 sentiebam
371 609 425 649 de
464 609 661 650 Domino
702 608 882 650 Christo
923 622 1044 660 meo,
1084 614 1297 663 quantum
1336 610 1390 649 de

83 665 349 705 excellentis
363 666 612 719 sapientiae
626 667 740 715 viro,
756 667 828 706 cui
841 666 990 706 nullus
1009 670 1168 719 posset
1185 667 1389 719 aequari3

79 722 367 775 praesertim,
408 722 514 774 quia
545 722 814 761 mirabiliter
844 726 975 761 natus
1012 733 1067 761 ex
1097 722 1293 774 virgine,
1334 721 1391 760 ad

83 777 337 830 exemplum
355 777 801 817 condemnendorum
818 777 1135 830 temporalium
1151 788 1231 829 pro
1251 776 1398 827 adipi-

82 834 250 873 scenda
271 833 634 883 immortalitate,
662 833 812 873 divina
834 844 915 886 pro
940 833 1072 872 nobis
1097 844 1203 872 cura
1219 836 1392 872 tantam

82 888 404 929 auctoritatem
436 890 690 942 magisterii
713 890 933 928 meruisse
959 888 1211 928 videbatur.
1273 887 1391 935 Quid

82 948 233 984 autem
256 947 528 984 sacramenti
551 943 740 984 haberet
763 943 964 984 Verbum
988 956 1093 984 caro
1119 943 1308 993 factum,
1335 955 1390 982 ne

83 1000 303 1053 suspicari
325 1001 504 1052 quidem
523 1005 740 1053 poteram.
802 1001 996 1039 Tantum
1015 1011 1318 1052 cognoveram
1337 1010 1392 1039 ex

79 1057 154 1105 iis,
170 1068 284 1108 quae
305 1056 358 1094 de
377 1055 457 1094 illo
479 1057 649 1108 scripta
664 1055 966 1104 traderentur,
987 1057 1092 1108 quia
1108 1055 1393 1095 manducavit

81 1117 127 1151 et
142 1112 274 1160 bibit,
296 1110 527 1160 dormivit,
547 1111 804 1160 ambulavit,
826 1109 1102 1149 exhilaratus
1123 1114 1206 1159 est,
1227 1110 1392 1150 contri-

81 1171 227 1207 status
248 1171 336 1215 est,
362 1168 690 1207 sermocinatus
712 1172 795 1215 est,
815 1178 904 1205 non
922 1164 1125 1206 haesisse
1144 1177 1324 1206 carnem
1339 1165 1391 1205 il-

80 1223 171 1262 lam
189 1221 341 1262 Verbo
365 1226 467 1271 tuo,
499 1223 589 1262 nisi
620 1234 719 1262 cum
752 1223 899 1261 anima
931 1226 976 1260 et
1007 1225 1157 1260 mente
1184 1219 1390 1260 humana.

78 1277 219 1318 Novit
235 1275 321 1317 hoc
341 1279 500 1326 omnis,
511 1278 587 1330 qui
603 1278 729 1316 novit
745 1275 1392 1317 incommutabilitatemVerbi

77 1335 169 1383 tui,
196 1345 326 1386 quam
353 1345 439 1385 ego
459 1334 549 1373 iam
565 1344 801 1381 noveram,
828 1337 1041 1385 quantum
1058 1336 1281 1385 poteram,
1307 1343 1392 1372 nec

82 1390 264 1429 omnino
283 1389 526 1441 quidquam
540 1388 644 1428 inde
662 1388 936 1428 dubitabam.
969 1387 1148 1427 Etenim
1165 1400 1282 1427 nunc
1300 1400 1391 1426 mo-

81 1457 188 1484 vere
206 1444 407 1484 membra
426 1445 631 1497 corporis
650 1455 729 1497 per
746 1444 1039 1492 voluntatem,
1058 1456 1175 1482 nunc
1193 1455 1282 1481 non
1300 1455 1391 1482 mo-

80 1512 209 1550 vere3
241 1513 357 1540 nunc
391 1499 543 1553 aliquo
576 1499 761 1540 adfectu
794 1500 948 1548 adfici,
982 1511 1100 1538 nunc
1124 1510 1213 1537 non
1238 1498 1390 1547 adfici3

81 1570 199 1596 nunc
225 1554 431 1608 proferre
455 1567 536 1609 per
561 1557 692 1609 signa
714 1556 942 1608 sapientes
971 1555 1240 1602 sententias,
1275 1567 1390 1593 nunc

83 1624 184 1651 esse
202 1612 248 1651 in
266 1611 472 1650 silentio:
499 1613 683 1664 propria
701 1616 803 1650 sunt
819 1610 1134 1649 mutabilitatis
1153 1610 1325 1647 animae
1347 1614 1392 1647 et

82 1666 260 1706 mentis.
323 1666 447 1714 Quae
472 1668 511 1706 si
533 1665 650 1706 falsa
671 1666 724 1706 de
747 1666 827 1705 illo
856 1667 1025 1717 scripta
1049 1668 1220 1712 essent,
1256 1665 1390 1702 etiam

84 1723 235 1762 omnia
251 1722 620 1774 periclitarentur
638 1721 890 1769 mendacio,
908 1731 1053 1772 neque
1070 1720 1117 1759 in
1134 1719 1225 1758 illis
1243 1718 1388 1758 literis

80 1778 176 1817 ulla
193 1777 301 1816 fidei
318 1777 438 1816 salus
459 1778 617 1829 generi
634 1775 825 1816 humano
846 1779 1114 1814 remaneret.
1177 1774 1293 1822 Quia
1308 1776 1390 1814 ita-

82 1844 168 1886 que
200 1844 308 1871 vera
340 1834 509 1885 scripta
541 1837 667 1882 sunt,
699 1836 846 1870 totum
878 1829 1104 1870 hominem
1139 1830 1183 1869 in
1209 1828 1389 1870 Christo

83 1888 408 1941 agnoscebam3
441 1899 531 1926 non
555 1900 720 1941 corpus
746 1891 920 1925 tantum
938 1884 1153 1934 hominis,
1191 1889 1267 1924 aut
1290 1898 1391 1925 cum

83 1955 274 1997 corpore
310 1944 406 1982 sine
438 1947 587 1982 mente
621 1944 834 1991 animum,
869 1942 950 1981 sed
980 1943 1127 1994 ipsum
1150 1939 1390 1980 hominem.

83 1998 187 2040 Non
218 2008 413 2052 persona
435 1999 665 2047 veritatis,
700 1998 780 2037 sed
804 2009 967 2050 magna
990 1997 1181 2049 quadam
1202 2000 1389 2034 naturae

85 2054 304 2095 humanae
340 2054 631 2103 excellentia,
667 2058 711 2092 et
742 2051 1018 2105 perfectiore
1042 2052 1390 2104 participatione

85 2111 335 2163 sapientiae
354 2108 576 2162 praeferri
595 2109 789 2149 caeteris
809 2109 1073 2148 arbitrabar.
1111 2107 1296 2159 Alypius
1316 2119 1390 2145 au-

82 2172 174 2206 tem
195 2166 342 2206 Deum
362 2176 494 2205 carne
511 2165 717 2205 indutum
734 2166 798 2204 ita
814 2165 1000 2216 putabat
1019 2162 1144 2203 credi
1160 2175 1186 2201 a
1203 2160 1390 2202 catholi-

84 2224 170 2273 cis,
194 2227 243 2262 ut
263 2225 446 2275 praeter
467 2219 614 2260 Deum
638 2225 682 2260 et
700 2231 879 2261 carnem
897 2231 986 2259 non
1006 2222 1126 2258 esset
1143 2219 1189 2257 in
1210 2216 1388 2256 Christo
