1514 2438
290 123 821 166 CONFESSIONUM
851 124 1061 165 LIBER
1090 124 1226 165 XIII.
1341 125 1420 164 275

96 216 223 251 tuum
256 209 433 250 dixisti:
465 210 608 250 nolite
644 208 923 250 conformari
947 208 1052 249 huic
1078 209 1283 260 saeculo;
1318 223 1421 250 con-

97 267 303 320 sequitur
327 272 373 306 et
396 266 529 315 illud,
556 266 679 320 quod
702 266 950 307 adiunxisti
975 267 1148 315 statim,
1175 271 1220 306 et
1245 266 1418 305 dixisti·

97 323 179 363 sed
197 322 509 362 reformamini
530 323 575 361 in
593 323 796 362 novitate
814 323 979 362 mentis
997 328 1177 362 vestrae
1190 353 1200 371 ,
1226 335 1316 361 non
1333 323 1421 361 iam

100 379 333 419 secundum
352 391 511 433 genet-3,
557 385 787 432 tamquam
815 379 1049 419 imitantes
1074 378 1422 432 praecedentem

100 435 376 489 proximum,
411 447 493 474 nec
527 447 585 474 ex
616 433 810 475 hominis
834 435 1038 474 melioris
1063 435 1338 474 auctoritate
1363 435 1424 472 vi-

99 498 272 532 ventes.
333 490 491 544 Neque
526 491 645 530 enim
679 491 857 531 dixisti:
892 491 971 530 fiat
1006 489 1140 531 homo
1174 490 1424 530 secundum

101 560 264 601 genus,
291 546 391 586 sed:
413 546 641 602 faciamus
663 546 881 587 hominem
909 547 968 587 ad
989 546 1223 601 imaginem
1248 554 1291 586 et
1308 545 1424 585 simi-

98 602 322 644 litudinem
353 610 547 643 nostram
582 603 716 653 (Gen.
745 605 781 653 l,
801 602 867 645 26.
894 606 926 655 )‚
964 609 1011 642 ut
1049 616 1132 643 nos
1166 603 1425 656 probemus,

101 671 215 715 quae
242 660 302 699 sit
325 659 533 699 voluntas
552 664 645 700 tua.
705 660 771 700 Ad
792 658 878 700 hoc
898 661 1016 700 enim
1037 659 1325 713 dispensator
1344 659 1424 698 ille

99 723 226 765 tuus,
265 727 489 769 generans
528 728 608 769 per
642 716 929 769 evangelium
972 715 1113 766 filios,
1156 727 1212 754 ne
1247 726 1427 767 semper

98 773 313 827 parvulos
349 770 560 821 haberet,
598 784 712 825 quos
748 772 866 811 lacte
897 772 1091 811 nutriret
1127 777 1173 811 et
1196 776 1426 824 tamquam

100 830 253 868 nutrix
270 827 469 867 foveret:
490 826 819 877 reformamini,
833 829 996 881 inquit,
1014 829 1060 867 in
1079 828 1283 867 novitate
1303 839 1423 866 men-

99 885 157 924 tis
176 889 379 932 vestrae,
402 883 458 923 ad
476 883 759 936 probandum
775 896 857 923 vos
877 895 992 937 quae
1011 884 1071 923 sit
1088 884 1299 923 voluntas
1319 882 1423 932 Dei,

101 939 224 994 quod
255 939 424 979 bonum
448 945 494 978 et
520 939 637 979 bene
673 940 887 992 placitum
915 946 961 979 et
984 938 1252 992 perfectum.
1275 939 1423 986 (Rom.

102 998 168 1046 12,
188 995 248 1042 2.)
309 994 508 1048 Ideoque
528 1008 617 1035 non
636 995 773 1036 dicis:
806 996 884 1036 fiat
902 994 1053 1045 homo,
1074 996 1175 1036 sed:
1196 994 1425 1051 faciamus

100 1051 337 1102 bominem3
370 1063 453 1091 nec
478 1051 612 1091 dicis:
646 1051 895 1092 secundum
914 1064 1083 1106 genus,
1109 1051 1209 1091 sed:
1244 1052 1301 1091 ad
1318 1050 1424 1090 ima-

96 1107 247 1163 ginem
264 1114 308 1148 εἰ
318 1106 644 1148 similitudinem
660 1114 872 1147 nostram.
932 1108 1088 1147 Mente
1108 1110 1272 1161 quippe
1292 1120 1424 1147 reno-

98 1170 229 1205 vatus
251 1169 296 1204 et
313 1164 601 1217 conspiciens
618 1164 903 1204 intellectam
923 1165 1163 1204 veritatem
1180 1170 1303 1204 tuam
1315 1194 1326 1213 ‚
1346 1162 1424 1203 ho-

98 1222 218 1262 mine
238 1220 603 1260 demonstratore
621 1233 712 1260 non
729 1220 926 1273 indiget,
951 1225 1000 1260 ut
1020 1233 1150 1260 suum
1167 1232 1309 1273 genus
1327 1219 1426 1258 imi-

98 1282 240 1318 tetur:
274 1276 356 1317 sed
381 1276 721 1316 demonstrante
738 1280 784 1315 te
802 1277 967 1328 probat
992 1276 1111 1327 ipse,
1137 1287 1250 1328 quae
1271 1276 1331 1315 sit
1348 1288 1424 1313 vo-

98 1334 252 1374 luntas
283 1338 382 1381 tua,
418 1331 541 1385 quod
572 1332 742 1371 bonum
775 1338 820 1370 et
840 1331 957 1370 bene
978 1331 1192 1384 placitum
1211 1335 1256 1369 et
1280 1331 1424 1384 perfe-

101 1395 245 1438 ctum3
278 1393 324 1428 et
348 1387 487 1426 doces
515 1398 617 1426 eum
634 1387 724 1426 iam
743 1399 957 1439 capacem
976 1387 1131 1426 videre
1152 1388 1425 1426 Trinitatem

100 1444 308 1493 unitatis,
337 1448 381 1483 et
407 1443 626 1483 unitatem
645 1443 903 1482 Trinitatis.
964 1442 1163 1496 Ideoque
1186 1442 1426 1495 pluraliter

101 1501 246 1541 dicto:
267 1498 496 1555 faciamus
523 1497 763 1547 hominem,
790 1498 1086 1552 singulariter
1109 1504 1261 1538 tamen
1286 1497 1424 1538 infer-

99 1563 192 1597 tur:
225 1563 267 1596 et
287 1554 407 1610 fecit
432 1553 551 1594 Deus
586 1553 824 1604 hominem;
861 1560 905 1593 et
930 1554 1168 1608 pluraliter
1192 1554 1337 1594 dicto:
1370 1554 1429 1594 ad

96 1611 338 1667 imaginem
377 1618 590 1663 nostram,
626 1611 922 1664 singulariter
944 1616 1095 1651 tamen
1119 1609 1334 1650 infertur:
1368 1610 1427 1650 acl

97 1667 335 1723 imaginem
357 1665 457 1708 Dei.
518 1667 586 1706 Ita
617 1665 754 1706 homo
786 1672 1033 1707 renovatur
1064 1667 1109 1706 in
1142 1667 1422 1721 agnitionem

100 1725 186 1765 Dei
209 1723 458 1765 secundum
478 1724 721 1776 imaginem
743 1724 840 1763 eius
854 1753 864 1772 ,
893 1723 970 1776 qui
989 1723 1161 1762 creavit
1179 1735 1278 1763 eum
1303 1722 1423 1772 (Col.

99 1781 137 1830 3,
160 1783 266 1830 10.);
327 1785 373 1819 et
407 1780 628 1832 spiritalis
662 1778 855 1819 effectus
888 1779 1063 1819 iudicat
1096 1779 1265 1828 omnia,
1306 1791 1422 1831 quae

97 1839 256 1890 utique
278 1835 523 1875 iudicanda
547 1840 672 1887 sunt3
703 1835 803 1888 ipse
828 1840 979 1875 autem
998 1848 1024 1874 a
1049 1835 1228 1875 nemine
1250 1835 1422 1875 iudica·

98 1900 183 1932 tur.
205 1894 248 1940 (l
271 1892 374 1931 Cor.
394 1891 532 1941 2,l5.)

182 1949 228 1988 C.
256 1946 420 1986 XXIII.
484 1946 617 1994 Quod
641 1952 792 1987 autem
814 1947 990 1987 iudicat
1016 1948 1186 1996 omnia,
1222 1945 1308 1985 hoc
1337 1951 1420 1994 est,

100 2003 222 2057 quod
255 2002 389 2042 habet
412 2009 678 2054 potestatem
701 2003 889 2056 piscium
914 2002 1070 2053 maris,
1105 2010 1145 2043 et
1182 2001 1422 2041 υοῖαέῐῐὶιιηι

100 2058 227 2108 coeli,
249 2065 291 2099 et
311 2057 501 2098 omnium
513 2071 723 2110 pecorum
742 2058 1020 2115 etseramm,
1044 2065 1084 2099 et
1106 2057 1241 2098 omnis
1262 2064 1420 2105 terrae,

99 2121 142 2154 et
160 2114 350 2155 οηιηίιιηι
370 2113 626 2166 repentium,
650 2128 758 2168 quae
777 2123 938 2169 repunt
953 2129 1084 2168 super
1105 2122 1282 2153 terram.
1321 2113 1422 2151 Hoc

100 2171 216 2211 enim
237 2171 334 2224 agit
350 2182 431 2223 per
450 2170 613 2210 mentis
632 2171 937 2221 intellectum,
965 2183 1043 2225 per
1062 2182 1193 2223 quem
1212 2169 1421 2221 percipit,

101 2239 214 2281 quae
234 2232 338 2267 sunt
357 2226 552 2280 Spiritus
571 2225 672 2266 Dei.
731 2228 914 2281 Alioqui
934 2226 1067 2267 homo
1090 2227 1132 2265 in
1151 2224 1325 2265 honore
1346 2236 1418 2276 po-

1008 2282 1036 2322 ὃ
1057 2284 1079 2320 2
