1473 2443
77 121 133 162 52
376 120 655 162 AURELll
684 118 1060 162 AUGUSTINI

59 205 235 259 gendo
266 206 591 246 moriturum
622 217 680 245 ac
707 205 755 245 si
779 217 882 245 non
905 201 1256 244 moriturumz
1284 201 1379 243 Ma-

57 261 178 301 xime
192 261 356 314 quippe
370 274 441 301 me
455 261 729 315 reparabant
747 266 880 314 atque
899 260 1169 300 recreabant
1186 258 1379 298 aliorum

58 317 306 356 amicorum
332 317 519 367 solatia,
546 330 645 357 cum
664 317 825 370 quibus
845 316 1071 365 amabam,
1091 315 1212 368 quod
1231 326 1313 366 pro
1332 319 1377 353 te

59 372 285 423 amabam3
320 378 364 412 et
391 371 478 412 hoc
511 381 609 413 erat
630 374 792 427 ingens
818 371 974 412 fabula
992 376 1038 411 et
1052 371 1237 423 longum
1256 382 1377 410 men-

60 429 258 478 dacium,
279 429 405 468 cuius
426 428 685 469 adulterina
702 426 1033 468 confricatione
1059 425 1376 478 corrumpeba—

60 491 133 523 tur
159 496 285 523 mens
303 489 462 523 nostra
484 485 691 538 pruriens
717 485 764 523 in
796 484 995 524 auribus.
1057 481 1147 523 Sed
1164 481 1246 521 illa
1269 479 1382 521 mihi

60 540 215 579 fabula
247 552 337 579 non
367 540 667 590 moriebatur,
701 540 741 580 si
764 541 864 592 quis
898 540 1144 579 amicorum
1175 550 1380 577 meorum

59 601 328 635 moreretur.
360 596 460 634 Alia
480 601 622 646 erant,
648 597 820 648 quaein
840 595 905 635 eis
925 595 1115 647 amplius
1143 593 1383 647 capiebant

61 652 276 691 animum:
311 651 514 704 colloqui
533 659 578 691 et
595 652 843 701 corridere,
870 655 916 690 et
937 650 1141 690 vicissim
1156 649 1381 689 benevole

63 708 274 760 obsequi,
310 707 445 747 simul
468 708 623 761 legere
642 708 785 748 libros
806 707 1118 759 dulciloquos,
1145 705 1280 745 simul
1302 718 1380 744 nu-

61 764 181 817 gari,
216 769 261 803 et
291 763 424 815 simul
455 762 713 815 honestari3
763 763 1062 803 dissentire
1105 760 1380 801 interdum

62 820 177 858 sine
205 819 353 869 odio,
381 824 644 872 tamquam
661 820 772 873 ipse
796 818 950 858 homo
993 829 1192 867 secum,
1218 821 1380 870 atquc

60 876 183 927 ipsa
210 876 493 916 rarissima
518 876 868 916 dissensione
897 874 1129 914 condire
1157 885 1381 913 consen-

62 932 247 971 siones
273 932 474 984 plurim
487 944 564 983 as3
598 932 764 972 docere
797 931 971 984 aliquid
994 930 1204 979 invicem,
1224 933 1301 969 aut
1318 928 1381 968 di-

64 999 193 1027 scere
221 987 275 1027 ab
310 988 525 1037 invicem,
560 988 823 1028 desiderare
864 987 1077 1027 absentes
1112 998 1212 1025 cum
1242 985 1382 1024 mole-

61 1043 171 1093 stia,
222 1045 454 1097 suscipere
489 1044 724 1084 venientes
760 1056 860 1083 cum
891 1037 1089 1082 laetitia:
1135 1039 1206 1080 his
1246 1045 1381 1093 atque

59 1097 321 1139 huiusmodi
341 1100 499 1153 signis,
520 1113 545 1139 a
564 1100 701 1139 corde
728 1099 973 1139 amantium
991 1102 1036 1138 et
1053 1096 1384 1136 redamantium

59 1155 414 1206 procedentibus
425 1168 507 1209 per
523 1169 588 1205 os,
601 1168 680 1209 per
696 1155 1001 1209 linguam,per
1014 1151 1187 1202 oculos,
1201 1151 1382 1191 etmille

58 1216 211 1252 'motus
232 1212 542 1263 gratissimos,
569 1212 699 1264 quasi
716 1210 952 1251 fomitibus
973 1209 1172 1249 conflare
1192 1208 1383 1256 animos,

63 1272 109 1306 et
134 1279 189 1306 ex
207 1268 410 1320 pluribus
435 1281 571 1307 unum
594 1266 761 1307 facere.

147 1323 193 1362 C.
221 1323 298 1363 lX.
358 1323 462 1363 Hoc
503 1329 594 1369 est,
634 1323 756 1376 quod
794 1322 1002 1376 diligitur
1040 1321 1087 1359 in
1120 1319 1299 1368 amicis,
1339 1323 1385 1358 et

62 1379 128 1417 sic
149 1378 368 1432 diligitur,
378 1385 428 1419 ut
439 1380 616 1419 reasibi
638 1380 698 1419 sit
714 1378 909 1418 humana
927 1375 1223 1424 conscientia,
1236 1374 1273 1414 si
1292 1386 1383 1414 non

60 1435 282 1474 amaverit
303 1435 632 1485 redamantem,
660 1440 737 1474 aut
760 1435 798 1474 si
823 1438 1047 1474 amantem
1065 1444 1156 1471 non
1179 1430 1382 1470 redama-

59 1490 191 1539 verit,
226 1489 342 1530 nihil
359 1503 581 1544 quaerens
603 1504 658 1531 ex
676 1492 772 1530 eius
798 1501 991 1543 corpore
1014 1492 1196 1541 praeter
1212 1485 1384 1525 indicia

58 1544 426 1587 benevolentiae.
485 1547 606 1586 Hinc
623 1547 701 1587 ille
720 1547 885 1593 luctus,
906 1545 945 1585 si
963 1545 1061 1598 quis
1079 1543 1315 1591 moriatur,
1336 1547 1382 1581 et

61 1602 278 1642 tenebrae
306 1602 537 1652 dolorum,
565 1607 610 1642 et
635 1615 766 1642 versa
790 1600 1030 1641 dulcedine
1054 1599 1101 1638 in
1119 1596 1382 1637 amaritudi-

59 1669 163 1696 nem
197 1670 275 1696 cor
308 1658 559 1706 madidum,
601 1663 647 1698 et
680 1671 735 1698 ex
767 1657 934 1696 amissa
964 1656 1059 1695 vita
1089 1652 1381 1695 morientium

59 1725 183 1753 mors
209 1713 470 1753 viventium.
528 1713 733 1755 Beatus
769 1713 867 1765 qui
898 1715 1040 1750 amat
1071 1714 1144 1756 te,
1181 1713 1232 1748 et
1263 1708 1379 1746 ami-

64 1781 178 1807 cum
229 1769 282 1808 in
315 1774 388 1818 te,
436 1774 487 1809 et
523 1769 795 1808 inimicum
834 1771 1065 1820 propter
1096 1764 1169 1804 te!
1214 1762 1378 1804 Solus

64 1825 202 1863 enim
242 1824 450 1864 nullum
491 1836 677 1864 carum
716 1823 942 1871 amittit,
989 1821 1077 1860 cui
1109 1831 1294 1860 omnes
1324 1819 1380 1858 in

61 1880 166 1920 illo
199 1881 314 1919 cari
345 1885 485 1929 sunt,
521 1881 744 1933 quinon
769 1878 1054 1918 amittitur.
1114 1876 1172 1915 Et
1190 1876 1290 1928 quis
1310 1879 1381 1914 est

60 1936 170 1986 iste,
197 1936 284 1975 nisi
302 1935 426 1975 Deus
445 1942 624 1985 noster,
642 1935 768 1974 Deus
781 1966 791 1984 ‚
812 1935 887 1987 qui
904 1932 1015 1972 fecit
1033 1931 1210 1972 coelum
1230 1936 1275 1970 et
1289 1935 1378 1969 ter-

62 2005 172 2042 ram,
193 1997 238 2031 ct
255 1991 414 2044 implet
430 2003 497 2040 ea,
519 1992 624 2044 quia
640 1990 868 2043 implendo
889 2001 942 2028 ea
959 1988 1071 2028 fecit
1089 1987 1167 2027 ea‘.l
1198 1988 1270 2026 Te
1297 1997 1377 2024 ne-

64 2060 142 2087 mo
172 2048 400 2096 amittit,
432 2048 544 2086 nisi
574 2048 665 2100 qui
694 2046 942 2086 dimittit.
1003 2044 1061 2083 Et
1079 2044 1154 2095 qui
1174 2041 1376 2088 dimittit,

65 2116 151 2156 quo
176 2104 214 2143 it
237 2108 313 2142 aut
339 2115 425 2156 quo
454 2102 594 2156 fugit,
622 2103 709 2142 nisi
735 2114 760 2140 a
784 2107 828 2141 te
847 2101 1030 2154 placido
1050 2099 1106 2138 ad
1122 2104 1166 2137 te
1185 2097 1378 2137 iratum&

61 2159 177 2200 Nam
201 2159 280 2199 ubi
305 2172 395 2198 non
421 2159 594 2198 invenit
617 2158 766 2211 legem
792 2162 915 2197 tuam
938 2157 984 2196 in
1010 2166 1158 2208 poena
1180 2152 1290 2194 sua'}
1318 2152 1377 2191 Et

63 2216 137 2256 lex
161 2222 238 2255 tua
264 2216 452 2265 veritas,
482 2220 527 2255 et
550 2216 717 2254 veritas
741 2219 802 2254 tu.
