1473 2443
83 138 165 176 251-
411 135 681 176 AURELII
708 135 1071 176 AUGUSTINI

83 233 174 261 non
201 219 443 261 formatum
461 224 634 274 potest,
659 219 848 260 formari
867 225 1036 270 autem,
1064 221 1184 274 quod
1203 232 1292 261 non
1312 225 1395 270 est,

81 290 172 317 non
192 277 366 330 potest?
398 276 473 317 Sic
492 281 561 316 est
577 277 704 329 prior
720 277 948 326 materies,
970 290 1101 330 quam
1119 277 1181 326 id,
1202 276 1323 330 quod
1341 289 1398 317 ex
1455 275 1469 314 ρ

83 346 137 372 ea
158 332 228 382 fit3
262 345 350 371 non
372 332 477 371 ideo
502 334 647 385 prior,
682 332 788 385 quia
808 333 908 386 ipsa
930 334 1086 382 efficit,
1121 346 1222 372 eum
1242 333 1395 386 potius

81 389 183 437 fiat,
221 400 305 427 nec
343 388 469 440 prior
503 388 745 428 intervallo
784 390 1018 440 temporis.
1077 387 1235 442 Neque
1276 389 1396 428 enim

83 444 234 498 priore
251 448 457 496 tempore
477 456 616 484 sonos
636 444 809 483 edimus
828 444 1047 484 informes
1067 444 1164 484 sine
1184 449 1333 494 cantii,
1354 449 1401 484 et

84 512 162 539 eos
181 500 437 551 posteriore
456 504 660 553 tempore
677 501 723 539 in
742 500 932 540 formam
951 501 1118 539 cantici
1136 505 1399 552 coaptamus

84 561 161 595 aut
176 556 388 608 fingimus
400 585 410 604 ,
432 556 550 595 sicut
568 556 713 608 ligna,
733 557 894 610 quibus
913 568 1018 596 arca
1030 586 1040 605 ,
1055 556 1129 595 vel
1146 560 1399 609 argentum,

85 624 173 664 quo
213 612 445 650 vasculum
482 610 745 652 fabricatur.
805 612 942 651 Tales
982 612 1147 665 quippe
1181 612 1400 651 materiae

83 672 287 719 tempore
313 668 449 707 etiam
471 667 751 720 praecedunt
771 666 940 707 formas
959 680 1129 717 rerum,
1157 679 1270 720 quae
1290 668 1403 707 fiunt

86 734 141 761 ex
161 722 240 762 eis.
298 724 354 762 At
372 724 419 763 in
438 728 572 762 cantu
589 735 679 762 non
695 724 760 762 ita
778 728 860 763 est.
910 723 1020 762 Cum
1039 723 1157 762 enim
1176 727 1401 773 cantatur,

84 779 267 818 auditur
299 791 438 818 sonus
473 780 591 830 eius;
623 791 714 818 non
739 780 862 832 prius
887 778 1148 819 informiter
1172 783 1325 829 sonat,
1357 784 1403 818 et

87 834 251 873 deinde
287 833 510 874 formatur
536 835 583 874 in
607 839 801 875 cantum.
863 834 999 882 Quod
1024 835 1141 875 enim
1164 834 1308 887 primo
1334 839 1402 874 ut-

87 901 276 943 cumque
302 892 529 940 sonuerit,
553 892 795 944 praeterit,
821 902 906 930 nec
926 903 982 930 ex
1001 903 1054 930 eo
1075 890 1318 944 quidquam
1333 902 1403 930 re-

86 945 258 997 peries,
286 946 406 998 quod
430 952 678 986 resumtum
696 951 794 986 arte
816 958 1083 999 componas3
1116 951 1161 986 et
1176 947 1282 987 ideo
1303 958 1404 986 can-

86 1006 159 1039 tus
182 1000 227 1039 in
259 1014 372 1040 sono
413 1015 495 1041 suo
525 1002 739 1051 vertitur,
775 1004 851 1054 qui
881 1015 1021 1042 sonus
1056 1003 1154 1042 eius
1186 1003 1403 1042 materies

88 1055 186 1095 eius
221 1062 303 1096 est.
364 1057 488 1097 Idem
521 1058 685 1109 quippe
711 1056 956 1107 formatur,
991 1063 1039 1097 ut
1062 1062 1222 1098 cantus
1246 1058 1326 1109 sit3
1360 1062 1407 1097 et

85 1110 218 1160 ideO,
252 1112 371 1151 sicut
403 1112 627 1161 dicebam,
663 1114 789 1165 prior
820 1113 1033 1152 materies
1056 1114 1251 1154 sonandi
1274 1126 1408 1167 quam

86 1165 234 1206 forma
266 1168 497 1218 cantandi,
530 1180 619 1207 non
652 1180 732 1221 per
762 1167 961 1208 faciendi
989 1171 1239 1221 potentiam
1260 1171 1406 1222 prior3

88 1234 234 1275 neque
262 1223 379 1262 enim
398 1236 535 1263 sonus
555 1228 625 1263 est
650 1224 860 1263 cantandi
885 1225 1071 1274 artifex,
1108 1225 1190 1264 sed
1208 1226 1409 1266 cantanti

87 1280 263 1318 animae
289 1280 495 1320 subiacet
521 1292 575 1320 ex
602 1292 815 1332 corpore,
851 1280 905 1319 de
932 1293 1017 1333 quo
1042 1285 1222 1321 cantum
1243 1280 1405 1321 faciat:

85 1346 169 1373 nec
202 1339 406 1387 tempore
439 1335 582 1388 prim-3
617 1336 750 1376 simul
784 1336 902 1375 enim
939 1349 1038 1376 cum
1071 1341 1205 1376 cantu
1237 1337 1406 1377 editur:

86 1402 169 1429 nec
201 1390 327 1443 prior
361 1391 608 1441 electione3
640 1404 729 1430 non
764 1392 883 1431 enim
915 1394 1069 1445 potior
1102 1404 1240 1432 sonus
1274 1405 1408 1446 quam

88 1450 262 1495 cantus,
282 1447 460 1499 quando
483 1448 663 1500 quidem
683 1452 841 1487 cantus
862 1454 932 1487 est
951 1460 1039 1488 non
1056 1452 1231 1487 tantum
1250 1461 1406 1499 sonus,

87 1513 241 1541 verum
265 1504 401 1541 etiam
425 1516 563 1543 sonus
589 1505 845 1555 speciosus:
879 1504 961 1543 sed
977 1504 1103 1556 prior
1121 1508 1191 1544 est
1209 1504 1404 1557 origine,

88 1557 297 1609 quianon
315 1563 470 1598 cantus
490 1558 726 1608 formatur,
741 1563 791 1598 ut
808 1571 946 1599 sonus
966 1560 1039 1609 sit,
1059 1559 1140 1599 sed
1157 1571 1295 1599 sonus
1313 1558 1405 1599 for-

87 1616 254 1662 matur,
277 1618 326 1653 ut
349 1621 506 1654 cantus
535 1616 608 1655 sit.
667 1615 771 1654 Hoc
796 1615 1026 1667 exemplo,
1052 1615 1127 1667 qui
1144 1619 1316 1667 potest,
1339 1616 1405 1654 in-

86 1668 285 1720 telligat,
317 1670 552 1709 materiam
575 1682 724 1710 rerum
748 1673 889 1723 primo
915 1670 1104 1719 factam,
1138 1674 1184 1709 et
1206 1670 1403 1722 adpella-

85 1727 177 1762 tam
196 1723 371 1763 coelum
392 1730 437 1764 et
452 1731 639 1775 terram,
660 1726 764 1779 quia
780 1726 884 1765 inde
902 1724 1023 1766 faeta
1040 1729 1145 1764 sunt
1163 1725 1340 1765 eoelum
1359 1731 1406 1765 et

85 1782 227 1828 terra3
253 1792 336 1818 nec
354 1785 558 1834 tempore
578 1782 720 1834 primo
740 1780 920 1830 factam,
941 1780 1046 1833 quia
1061 1779 1235 1821 formae
1253 1793 1405 1821 rerum

86 1840 302 1873 exserunt
326 1840 553 1888 tempora,
578 1837 658 1876 illa
680 1841 830 1876 autem
854 1841 951 1876 erat
967 1835 1197 1886 informis,
1223 1837 1402 1889 iamque

83 1890 131 1928 in
161 1891 442 1942 temporibus
476 1892 610 1931 simul
642 1892 911 1941 advertitur,
945 1904 1029 1931 nec
1060 1896 1211 1931 tamen
1246 1892 1300 1932 de
1324 1893 1405 1932 illa

85 1945 261 1984 narrari
291 1946 463 1999 aliquid
487 1952 661 1999 potest,
694 1948 783 1987 nisi
804 1948 928 1987 velut
950 1952 1155 2001 tempore
1180 1949 1305 2001 prior
1328 1948 1401 1997 sit,

88 2013 187 2039 eum
203 2001 427 2053 pendatur
446 2004 713 2052 extremior,
742 2003 847 2055 quia
862 2002 1071 2055 profecto
1090 2004 1282 2043 meliora
1300 2008 1404 2042 sunt

86 2054 283 2096 formata
297 2086 308 2106 ,
334 2070 465 2110 quam
486 2057 721 2107 informia,
747 2063 793 2098 et
814 2059 1113 2112 praecedatur
1129 2059 1401 2098 aeternitate

88 2113 326 2160 creatoris,
344 2117 393 2152 ut
411 2117 534 2153 esset
552 2114 606 2153 de
625 2111 786 2163 nihilo,
805 2114 922 2154 unde
943 2114 1111 2167 aliquid
1131 2114 1275 2153 fieret.

171 2167 217 2207 C.
244 2168 389 2208 XXX.
449 2169 498 2208 In
530 2167 613 2209 hac
638 2169 900 2209 diversitate
926 2170 1250 2210 sententiarum
1275 2180 1400 2208 vera-

87 2233 184 2262 rum
207 2225 498 2266 concordiam
524 2226 672 2280 pariat
694 2226 794 2279 ipsa
816 2228 1004 2277 veritas,
1033 2230 1077 2265 et
1094 2224 1220 2266 Deus
1244 2230 1401 2265 noster
