1473 2443
89 116 170 157 266
260 139 263 142 >
399 114 689 156 AURELII
717 113 1107 157 AUGUSTINI

88 208 182 242 tum
207 200 494 240 auctoritatis
517 201 563 239 in
589 199 786 252 eloquiis
807 202 897 241 tuis
915 212 996 254 per
1015 213 1096 241 eos
1115 199 1250 241 editis
1268 200 1402 242 subli-

87 259 222 298 miter
260 256 522 296 extenditur
559 267 695 308 super
728 257 898 306 omnia,
942 269 1056 309 quae
1091 257 1249 296 subter
1281 265 1403 298 sunt:

88 313 212 367 quod
237 325 337 352 cum
360 310 433 352 hic
457 312 682 361 viverent,
707 324 797 352 non
814 314 879 352 ita
896 312 1152 352 sublimiter
1171 317 1403 353 extentum

86 373 198 409 erat.
257 367 469 408 Nondum
512 369 631 407 sicut
676 368 842 420 pellem
891 368 1068 408 coelum
1116 368 1403 419 extenderas,

85 425 282 464 nondum
306 423 467 463 mortis
487 435 644 462 eorum
662 423 828 464 famam
843 436 1167 478 usquequaque
1187 424 1403 464 dilatave-

84 492 173 520 ras.
231 478 480 519 Videamus
495 509 505 529 ,
527 478 738 529 Domine,
775 479 952 530 coelos,
985 492 1124 533 opera
1155 480 1403 533 digitorum

84 541 280 585 tuorum,
301 536 538 576 disserena
556 534 701 575 oculis
720 535 889 575 nostris
907 537 1124 585 nubilum,
1145 548 1232 588 quo
1253 536 1402 576 subte-

84 591 195 632 xisti
233 603 327 631 eos.
386 591 456 632 lbi
498 596 568 630 est
604 591 916 631 testimonium
947 596 1093 641 tuum,
1133 593 1404 645 sapientiam

84 652 321 700 praestans
361 647 575 700 parvulis.
637 645 835 697 Perfice,
869 646 995 686 Deus
1028 660 1177 696 meus,
1219 647 1401 687 laudem

84 710 207 742 tuam
227 715 283 742 ex
301 715 379 742 ore
398 701 638 743 infantium
659 707 703 742 et
722 702 1000 742 lactentium.
1022 702 1116 750 (Ps.
1136 703 1175 752 8,
1194 702 1255 754 3.)
1314 702 1402 743 Ne-

87 769 172 812 que
193 759 310 798 enim
328 759 534 798 novimus
554 758 669 798 alios
689 758 848 808 libros,
862 760 928 798 ita
945 759 1231 798 destruentes
1250 771 1403 812 super·

86 814 227 863 biam,
252 814 317 853 ita
334 816 623 855 destruentes
642 814 876 854 inimicum
897 819 941 854 et
960 813 1269 864 defensorem,
1287 815 1395 854 resi-

87 875 282 910 stentem
329 870 697 910 reconciliationi
744 875 849 910 tuae
889 869 1175 909 defendendo
1214 878 1403 922 peccata

88 938 183 965 sua.
243 924 357 966 Non
398 928 543 976 novi,
582 925 830 976 Domine,
869 939 971 965 non
1009 927 1133 965 novi
1162 925 1271 965 alia
1299 930 1402 965 tam

89 986 239 1021 casta
277 981 512 1034 eloquia,
554 993 686 1034 quae
727 982 804 1021 sic
841 980 969 1021 mihi
1009 981 1404 1034 persuaderent

89 1035 515 1086 confessionem,
563 1042 614 1076 et
658 1036 893 1076 lenirent
936 1038 1200 1077 cervicem
1239 1049 1401 1076 meam

84 1095 209 1145 iugo
242 1097 353 1142 tuo,
388 1098 440 1131 et
468 1093 766 1131 invitarent
794 1093 976 1132 colere
1006 1098 1056 1132 te
1087 1094 1274 1145 gratis.
1333 1092 1402 1131 In-

83 1149 291 1202 telligam
316 1160 388 1198 ea,
414 1153 544 1200 pater
566 1147 704 1187 bone:
739 1149 795 1187 da
812 1147 920 1186 mihi
941 1146 1052 1187 haec
1071 1148 1400 1201 subterposito,

85 1205 191 1258 quia
214 1204 533 1256 subterpositis
554 1203 764 1243 solidasti
783 1216 849 1242 ea.
911 1203 1023 1244 Sunt
1042 1204 1156 1242 aliae
1176 1216 1315 1256 aquae
1332 1216 1398 1242 szc-

79 1273 161 1315 per
178 1258 620 1313 hocfirmmnentzmz,
643 1259 779 1298 credo
799 1259 1094 1309 immortales,
1115 1264 1160 1299 et
1178 1271 1202 1298 a
1218 1265 1403 1298 terrena

86 1316 380 1369 corruptione
393 1321 615 1355 secretae.
648 1314 860 1354 Laudent
876 1327 1041 1354 nomen
1058 1320 1198 1364 tuum,
1214 1314 1401 1354 laudent

83 1378 129 1411 te
149 1371 516 1425 supercoelestes
536 1371 693 1424 populi
712 1371 977 1424 angelorum
996 1375 1196 1419 tuorum,
1218 1370 1292 1423 qui
1311 1382 1402 1409 non

85 1440 197 1480 opus
223 1425 390 1466 habent
409 1427 641 1480 suspicere
661 1427 987 1466 firmamentum
1008 1425 1114 1474 hoc,
1142 1431 1186 1466 et
1204 1425 1400 1479 legendo

85 1495 368 1537 cognoscere
389 1483 574 1522 verbum
592 1488 732 1522 tuum.
771 1482 940 1523 Vident
960 1482 1077 1521 enim
1095 1481 1260 1521 faciem
1278 1486 1402 1521 tuam

85 1551 289 1592 semper,
317 1543 362 1578 et
383 1538 447 1578 ibi
469 1539 629 1591 legunt
651 1538 747 1578 sine
773 1538 963 1591 syllabis
986 1542 1258 1590 temporum,
1295 1536 1401 1590 quid

83 1595 196 1635 velit
216 1599 403 1634 aeterna
419 1594 630 1634 voluntas
648 1599 739 1634 tua.
800 1593 1001 1647 Legunt,
1023 1593 1216 1646 eligunt,
1238 1597 1283 1631 et
1301 1592 1399 1631 dili-

84 1656 214 1703 gunt3
248 1662 425 1701 semper
442 1650 613 1703 legunt,
628 1654 673 1689 et
690 1662 930 1702 numquam
947 1649 1179 1702 praeterit,
1199 1647 1319 1700 quod
1338 1647 1400 1686 le-

84 1711 211 1758 gunt.
270 1705 496 1757 Eligendo
522 1706 641 1745 enim
665 1710 710 1744 et
733 1704 965 1758 diligendo
990 1704 1148 1756 legunt
1172 1704 1314 1755 ipsam
1333 1704 1399 1742 in-

85 1760 537 1800 commutabilitatem
555 1761 739 1800 consilii
755 1761 835 1800 tui.
886 1758 989 1799 Non
1008 1758 1232 1797 clauditur
1253 1758 1399 1798 codex

86 1828 263 1865 eorum,
288 1828 372 1855 nec
394 1816 638 1868 plicabitur
660 1816 779 1856 liber
797 1827 973 1863 eorum,
1001 1814 1106 1867 quia
1122 1819 1171 1853 tu
1188 1815 1286 1866 ipse
1304 1814 1396 1853 illis

84 1871 172 1911 hoc
191 1884 238 1911 es
251 1901 261 1921 ‚
291 1876 338 1910 et
356 1884 403 1910 es
421 1872 467 1910 in
486 1877 740 1921 aeternum,
770 1871 874 1924 quia
891 1881 1027 1922 super
1044 1868 1130 1909 hoc
1149 1870 1397 1909 firmamen-

83 1932 178 1967 tum
204 1926 427 1967 ordinasti
451 1938 552 1975 eos‚
586 1927 706 1979 quod
728 1926 918 1965 firmasti
936 1937 1070 1978 super
1087 1925 1396 1964 infirmitatem

80 1982 349 2022 inferiorum
371 1982 662 2035 populorum,
682 1981 759 2020 ubi
783 1983 1068 2034 suspicerent
1086 1985 1131 2020 et
1149 1992 1395 2033 cognosce-

80 2043 183 2078 rent
206 2037 568 2078 misericordiam
587 2043 728 2085 tuam,
753 2037 1068 2089 temporaliter
1087 2036 1395 2075 enuntiantem

80 2101 141 2142 te,
163 2096 237 2147 qui
255 2093 408 2134 fecisti
423 2098 644 2146 tempora.
703 2092 752 2131 ln
771 2092 901 2132 coelo
923 2094 1060 2142 enim,
1078 2091 1295 2140 Domine,
1313 2091 1392 2130 mi-

82 2150 335 2190 sericordia
350 2154 441 2198 tua,
462 2154 507 2188 et
523 2148 691 2187 veritas
709 2153 787 2187 tua
803 2160 944 2201 usque
964 2148 1021 2187 ad
1038 2147 1192 2187 nubes.
1214 2145 1308 2195 (Ps.
1326 2145 1393 2196 36,

83 2204 143 2256 6.)
204 2206 462 2246 Transeunt
483 2204 645 2254 nubes,
671 2203 849 2244 coelum
872 2208 1021 2244 autem
1043 2206 1216 2252 manet3
1247 2207 1392 2242 trans-
