1514 2438
233 107 773 150 CONFESSIONUM
803 108 1013 150 LIBER
1042 108 1154 151 Vll.
1301 110 1377 148 105

48 205 98 235 se
118 194 359 248 spongiam
384 193 636 248 quamlibet
659 206 894 249 magnam,
919 194 1002 235 sed
1019 194 1193 235 finitam
1210 199 1379 244 tamen,

47 251 183 303 plena
209 256 334 291 esset
355 250 514 304 utique
540 251 736 304 spongia
752 251 833 291 illa
852 263 908 292 ex
929 251 1052 291 omni
1070 263 1153 291 sua
1169 254 1300 304 parte
1321 261 1378 290 ex

46 308 268 347 immenso
287 307 421 347 mari:
455 307 522 346 sic
541 312 796 347 creaturam
814 312 941 348 tuam
959 308 1145 358 finitam,
1164 311 1210 347 te
1227 306 1376 346 infini-

45 370 94 403 to
113 362 296 416 plenam
313 361 552 416 putabam,
579 368 625 402 et
644 362 873 404 dicebam:
908 376 1016 404 ecce
1035 362 1183 413 Deus,
1205 368 1251 403 et
1269 375 1376 403 ecce

47 431 162 472 quae
182 419 356 459 creavit
371 418 521 469 Deus,
542 424 588 459 et
603 418 751 459 bonus
772 425 843 460 est
860 419 1002 470 Deus,
1023 425 1157 474 atque
1178 418 1248 459 his
1267 419 1377 459 vali-

46 475 232 515 dissime
257 474 620 529 longissimeque
646 476 978 528 praestantior!
1013 475 1105 517 Sed
1126 481 1279 516 tamen
1295 474 1375 515 bo-

46 545 128 571 nus
139 531 260 571 bona
275 531 461 581 creavit,
474 536 519 572 et
538 543 645 572 ecce
663 532 892 585 quomodo
915 532 1056 572 ambit
1067 537 1201 586 atque
1216 531 1377 585 implet

46 586 127 627 ear}
155 587 243 628 Ubi
268 600 379 642 ergo
405 587 595 638 malum,
624 595 670 628 et
692 588 836 637 unde,
866 594 912 628 et
937 601 1025 642 qua
1048 586 1136 628 huc
1161 587 1376 642 irrepsit?

46 643 172 692 Quae
191 643 323 684 radix
342 644 456 694 eius,
478 649 524 684 et
537 644 660 697 quod
679 656 834 684 semen
855 644 978 685 eius'.l
994 645 1061 685 An
1081 645 1263 685 omnino
1283 657 1375 683 non

44 699 138 739 est'.l
170 699 260 739 Cur
293 711 404 754 ergo
440 700 654 741 timemus
680 706 726 741 et
749 713 983 751 cavemus,
1018 700 1140 755 quod
1165 713 1257 740 non
1282 699 1375 740 est3

41 756 129 795 Aut
153 755 192 795 si
216 756 415 796 inaniter
436 756 672 807 timemus,
700 762 825 797 certe
843 757 917 797 vel
932 757 1071 797 timor
1087 757 1186 810 ipse
1206 757 1374 796 malum

43 817 135 861 est,
164 825 252 865 quo
277 812 508 852 incassum
534 812 795 853 stimulatur
820 818 865 853 et
885 813 1176 853 excruciatur
1195 825 1293 863 cor3
1328 819 1374 852 et

42 873 169 908 tanto
190 868 374 922 gravius
393 868 574 919 malum,
589 874 758 923 quanto
777 882 869 909 non
888 874 959 910 est
975 869 1098 923 quod
1115 871 1371 918 timeamus,

46 932 92 964 et
122 924 363 965 timemustt
392 924 570 965 Idcirco
607 930 686 966 aut
704 930 775 965 est
798 925 967 966 malum
993 926 1115 979 quod
1142 926 1371 975 timemus,

44 985 121 1020 aut
146 978 234 1020 hoc
256 981 424 1021 malum
449 987 521 1022 est
547 982 655 1035 quia
676 981 904 1022 timemus.
965 982 1093 1022 Unde
1119 986 1190 1022 est
1212 982 1371 1035 igitur,

44 1036 258 1089 quoniam
275 1035 402 1077 Deus
420 1036 534 1078 fecit
551 1035 665 1077 haec
687 1038 860 1087 omnia,
879 1037 1026 1078 bonus
1045 1037 1192 1078 bona'}
1222 1038 1374 1078 Maius

44 1092 226 1145 quidem
260 1098 305 1132 et
338 1106 560 1133 summum
585 1092 756 1135 bonum
782 1094 961 1134 minora
985 1092 1098 1134 fecit
1118 1093 1262 1144 bona3
1294 1093 1376 1134 sed

40 1154 191 1188 tamen
211 1152 256 1188 et
273 1161 432 1189 creans
453 1154 499 1190 et
517 1149 820 1201 creata‚bona
837 1156 943 1191 sunt
958 1151 1123 1190 omnia.
1155 1150 1285 1191 Unde
1306 1158 1377 1190 est

41 1204 235 1245 malumtt
265 1206 330 1245 An
348 1205 467 1246 unde
486 1204 600 1246 fecit
618 1218 693 1257 ea,
711 1207 931 1247 materies
951 1207 1105 1260 aliqua
1121 1206 1241 1246 mala
1260 1214 1374 1255 erat,

43 1267 89 1300 et
105 1259 324 1301 formavit
342 1266 477 1315 atque
499 1262 730 1303 ordinavit
747 1275 847 1303 eam
859 1293 871 1313 ,
894 1263 976 1304 sed
993 1263 1183 1316 reliquit
1201 1262 1375 1316 aliquid

40 1317 87 1356 in
104 1317 208 1367 illa,
236 1317 358 1371 quod
375 1317 421 1357 in
437 1318 607 1358 bonum
625 1331 717 1358 non
736 1318 1053 1359 converteres}
1085 1319 1175 1358 Cur
1193 1324 1238 1358 et
1261 1317 1375 1359 hoc}

39 1373 106 1412 An
123 1374 352 1426 impotens
373 1380 472 1414 erat
485 1379 630 1414 totam
646 1380 828 1415 vertere
849 1380 896 1415 et
914 1381 1211 1424 commutare,
1238 1380 1288 1414 ut
1306 1376 1372 1413 ni-

40 1426 106 1468 hil
122 1429 232 1469 mali
247 1439 520 1479 remaneret,
533 1442 634 1470 cum
652 1430 712 1470 sit
731 1431 883 1471 omnia
898 1430 1091 1484 potens'.l
1111 1430 1372 1480 Postremo,

42 1497 122 1524 cur
145 1485 252 1525 inde
280 1484 456 1538 aliquid
480 1485 636 1526 facere
661 1485 830 1536 voluit,
857 1499 909 1526 ac
927 1499 1018 1526 non
1036 1488 1190 1540 potius
1211 1485 1371 1526 eadem

42 1541 377 1595 omnipotentia
394 1540 530 1592 fecit,
559 1546 610 1582 ut
626 1541 752 1581 nulla
770 1547 895 1583 esset
910 1543 1092 1583 omnino
1107 1542 1124 1582 ’.ί
1153 1543 1242 1582 Aut
1257 1554 1367 1582 vero

41 1598 268 1638 exsistere
292 1601 478 1651 poterat
500 1603 660 1638 contra
678 1598 775 1638 eius
793 1597 1103 1639 voluntatens.l
1131 1599 1220 1638 Aut
1236 1599 1276 1639 si
1297 1610 1369 1638 ae-

40 1661 173 1693 terna
214 1659 334 1705 erat,
375 1665 456 1694 cur
493 1658 586 1694 tam
620 1653 697 1694 diu
728 1666 810 1708 per
840 1655 1019 1695 infinita
1055 1659 1181 1695 retro
1221 1654 1372 1707 spatia

40 1714 299 1763 temporum
323 1710 391 1750 sic
419 1721 520 1750 eam
543 1710 652 1751 sivit
674 1722 798 1762 esse,
834 1723 886 1751 ac
908 1716 1038 1751 tanto
1063 1715 1172 1764 post
1198 1710 1372 1763 placuit

43 1765 218 1820 aliquid
250 1778 308 1808 ex
331 1778 386 1806 ea
408 1764 591 1807 facere'}
619 1767 708 1806 Aut
730 1766 822 1807 iam
847 1767 887 1808 si
912 1767 1086 1821 aliquid
1115 1766 1267 1807 subito
1293 1778 1369 1805 vo-

41 1822 128 1862 luit
157 1834 318 1876 agere,
356 1819 444 1863 hoc
475 1823 630 1876 potius
664 1829 825 1876 ageret
860 1823 1173 1876 omnipotens,
1207 1828 1260 1863 ut
1288 1822 1372 1862 illa

43 1891 134 1918 non
161 1883 305 1929 esset,
340 1883 477 1932 atque
505 1879 604 1934 ipse
630 1879 757 1919 solus
785 1885 911 1920 esset
937 1884 1107 1930 totum,
1139 1891 1295 1919 verum
1326 1884 1372 1918 et

42 1947 265 1975 summum
285 1940 331 1975 et
351 1935 578 1976 infinitum
600 1935 791 1976 bonum:
826 1940 904 1976 aut
930 1935 967 1976 si
997 1948 1089 1976 non
1115 1941 1213 1975 erat
1233 1935 1366 1983 bene,

41 1994 92 2030 ut
122 2003 216 2031 non
250 1990 425 2045 aliquid
455 1990 567 2031 boni
599 1992 737 2031 etiam
760 1991 1087 2041 fabricaretur,
1125 1996 1170 2031 et
1201 1991 1365 2031 conde·

41 2051 134 2097 ret,
168 2047 246 2101 qui
267 2046 416 2087 bonus
436 2052 555 2098 erat,
587 2047 669 2087 illa
692 2047 873 2089 sublata
897 2053 944 2088 et
965 2047 1023 2087 ad
1046 2045 1238 2087 nihilum
1265 2046 1366 2086 red-

43 2107 146 2142 acta
173 2103 387 2154 materia,
429 2114 544 2157 quae
575 2103 697 2144 mala
736 2109 855 2155 erat,
893 2104 1062 2144 bonam
1098 2104 1197 2157 ipse
1237 2102 1366 2142 insti-

41 2162 214 2210 tueret,
245 2159 366 2203 unde
395 2158 550 2200 omnia
571 2164 769 2211 crearet3
802 2173 894 2200 non
925 2160 1045 2200 enim
1073 2165 1196 2200 esset
1226 2157 1365 2198 omni-

43 2219 229 2267 potens,
261 2216 302 2257 si
319 2215 517 2257 condere
536 2227 628 2256 non
643 2221 805 2270 posset
828 2215 1002 2270 aliquid
1024 2214 1155 2266 boni,
1183 2214 1271 2254 nisi
1296 2223 1366 2261 ea,
