<?xml version="1.0" encoding="UTF-8"?>
<!DOCTYPE html PUBLIC "-//W3C//DTD XHTML 1.0 Transitional//EN"
    "http://www.w3.org/TR/xhtml1/DTD/xhtml1-transitional.dtd">
<html xmlns="http://www.w3.org/1999/xhtml" xml:lang="en" lang="en">
 <head>
  <title>
</title>
<meta http-equiv="Content-Type" content="text/html;charset=utf-8" />
  <meta name='ocr-system' content='tesseract 3.04.00' />
  <meta name='ocr-capabilities' content='ocr_page ocr_carea ocr_par ocr_line ocrx_word'/>
</head>
<body>
  <div class='ocr_page' id='page_1' title='image "./saureliiaugustin00augu_0017.png"; bbox 0 0 1514 2438; ppageno 0'>
   <div class='ocr_carea' id='block_1_1' title="bbox 12 215 46 842">
    <p class='ocr_par' dir='ltr' id='par_1_1' title="bbox 12 215 27 238">
     <span class='ocr_line' id='line_1_1' title="bbox 12 215 27 238; baseline 0 0"><span class='ocrx_word' id='word_1_1' title='bbox 12 215 27 238; x_wconf 73' lang='lat' dir='ltr'><em>t</em></span> 
     </span>
    </p>

    <p class='ocr_par' dir='ltr' id='par_1_2' title="bbox 14 251 46 842">
     <span class='ocr_line' id='line_1_2' title="bbox 14 251 42 284; baseline 0 0"><span class='ocrx_word' id='word_1_2' title='bbox 14 251 42 284; x_wconf 91' lang='lat' dir='ltr'>C</span> 
     </span>
     <span class='ocr_line' id='line_1_3' title="bbox 14 343 41 377; baseline 0 0"><span class='ocrx_word' id='word_1_3' title='bbox 14 343 41 377; x_wconf 92' lang='lat' dir='ltr'>C</span> 
     </span>
     <span class='ocr_line' id='line_1_4' title="bbox 15 437 42 471; baseline 0 0"><span class='ocrx_word' id='word_1_4' title='bbox 15 437 42 471; x_wconf 76' lang='lat' dir='ltr'>C</span> 
     </span>
     <span class='ocr_line' id='line_1_5' title="bbox 16 530 43 563; baseline 0 0"><span class='ocrx_word' id='word_1_5' title='bbox 16 530 43 563; x_wconf 91' lang='lat' dir='ltr'>C</span> 
     </span>
     <span class='ocr_line' id='line_1_6' title="bbox 18 623 45 656; baseline 0 0"><span class='ocrx_word' id='word_1_6' title='bbox 18 623 45 656; x_wconf 92' lang='lat' dir='ltr'>C</span> 
     </span>
     <span class='ocr_line' id='line_1_7' title="bbox 18 716 45 749; baseline 0 0"><span class='ocrx_word' id='word_1_7' title='bbox 18 716 45 749; x_wconf 92' lang='lat' dir='ltr'>C</span> 
     </span>
     <span class='ocr_line' id='line_1_8' title="bbox 19 808 46 842; baseline 0 0"><span class='ocrx_word' id='word_1_8' title='bbox 19 808 46 842; x_wconf 92' lang='lat' dir='ltr'>C</span> 
     </span>
    </p>
   </div>
   <div class='ocr_carea' id='block_1_2' title="bbox 21 902 68 1635">
    <p class='ocr_par' dir='ltr' id='par_1_3' title="bbox 21 902 68 1635">
     <span class='ocr_line' id='line_1_9' title="bbox 21 902 48 934; baseline 0 0"><span class='ocrx_word' id='word_1_9' title='bbox 21 902 48 934; x_wconf 92' lang='lat' dir='ltr'>C</span> 
     </span>
     <span class='ocr_line' id='line_1_10' title="bbox 23 995 50 1028; baseline 0 0"><span class='ocrx_word' id='word_1_10' title='bbox 23 995 50 1028; x_wconf 91' lang='lat' dir='ltr'>C</span> 
     </span>
     <span class='ocr_line' id='line_1_11' title="bbox 24 1088 51 1121; baseline 0 0"><span class='ocrx_word' id='word_1_11' title='bbox 24 1088 51 1121; x_wconf 93' lang='lat' dir='ltr'>C</span> 
     </span>
     <span class='ocr_line' id='line_1_12' title="bbox 25 1181 53 1214; baseline 0 0"><span class='ocrx_word' id='word_1_12' title='bbox 25 1181 53 1214; x_wconf 91' lang='lat' dir='ltr'>C</span> 
     </span>
     <span class='ocr_line' id='line_1_13' title="bbox 25 1276 68 1309; baseline 0 0"><span class='ocrx_word' id='word_1_13' title='bbox 25 1276 68 1309; x_wconf 91' lang='lat' dir='ltr'>C.</span> 
     </span>
     <span class='ocr_line' id='line_1_14' title="bbox 24 1321 52 1355; baseline 0 0"><span class='ocrx_word' id='word_1_14' title='bbox 24 1321 52 1355; x_wconf 92' lang='lat' dir='ltr'>C</span> 
     </span>
     <span class='ocr_line' id='line_1_15' title="bbox 27 1415 54 1448; baseline 0 0"><span class='ocrx_word' id='word_1_15' title='bbox 27 1415 54 1448; x_wconf 90' lang='lat' dir='ltr'>C</span> 
     </span>
     <span class='ocr_line' id='line_1_16' title="bbox 27 1507 54 1540; baseline 0 0"><span class='ocrx_word' id='word_1_16' title='bbox 27 1507 54 1540; x_wconf 93' lang='lat' dir='ltr'>C</span> 
     </span>
     <span class='ocr_line' id='line_1_17' title="bbox 27 1601 55 1635; baseline 0 0"><span class='ocrx_word' id='word_1_17' title='bbox 27 1601 55 1635; x_wconf 89' lang='lat' dir='ltr'>C</span> 
     </span>
    </p>
   </div>
   <div class='ocr_carea' id='block_1_3' title="bbox 381 110 1339 154">
    <p class='ocr_par' dir='ltr' id='par_1_4' title="bbox 381 110 1339 154">
     <span class='ocr_line' id='line_1_18' title="bbox 381 110 1339 154; baseline -0.003 0"><span class='ocrx_word' id='word_1_18' title='bbox 381 110 873 154; x_wconf 86' lang='lat' dir='ltr'>ARGUMENTUM.</span> <span class='ocrx_word' id='word_1_19' title='bbox 1245 123 1339 152; x_wconf 79' lang='lat' dir='ltr'>x111</span> 
     </span>
    </p>
   </div>
   <div class='ocr_carea' id='block_1_4' title="bbox 27 194 1340 249">
    <p class='ocr_par' dir='ltr' id='par_1_5' title="bbox 27 194 1340 249">
     <span class='ocr_line' id='line_1_19' title="bbox 27 194 1340 249; baseline -0.008 -12"><span class='ocrx_word' id='word_1_20' title='bbox 27 200 141 249; x_wconf 73' lang='lat' dir='ltr'>pexit</span> <span class='ocrx_word' id='word_1_21' title='bbox 153 206 192 236; x_wconf 74' lang='lat' dir='ltr'>et</span> <span class='ocrx_word' id='word_1_22' title='bbox 207 202 249 236; x_wconf 84' lang='lat' dir='ltr'>de</span> <span class='ocrx_word' id='word_1_23' title='bbox 266 199 348 234; x_wconf 76' lang='lat' dir='ltr'>vica</span> <span class='ocrx_word' id='word_1_24' title='bbox 370 197 501 232; x_wconf 70' lang='lat' dir='ltr'>melius</span> <span class='ocrx_word' id='word_1_25' title='bbox 518 195 754 232; x_wconf 76' lang='lat' dir='ltr'>instituenda</span> <span class='ocrx_word' id='word_1_26' title='bbox 773 194 1002 231; x_wconf 69' lang='lat' dir='ltr'>deliberavit.</span> <span class='ocrx_word' id='word_1_27' title='bbox 1022 194 1132 241; x_wconf 81' lang='lat' dir='ltr'>(Pag.</span> <span class='ocrx_word' id='word_1_28' title='bbox 1151 196 1194 229; x_wconf 75' lang='lat'>79</span> <span class='ocrx_word' id='word_1_29' title='bbox 1214 194 1340 237; x_wconf 79' lang='lat'>—99.)</span> 
     </span>
    </p>
   </div>
   <div class='ocr_carea' id='block_1_5' title="bbox 48 243 1350 1643">
    <p class='ocr_par' dir='ltr' id='par_1_6' title="bbox 48 243 1341 338">
     <span class='ocr_line' id='line_1_20' title="bbox 48 243 1341 286; baseline -0.005 -3"><span class='ocrx_word' id='word_1_30' title='bbox 48 276 54 283; x_wconf 96' lang='lat'>.</span> <span class='ocrx_word' id='word_1_31' title='bbox 79 255 106 283; x_wconf 93' lang='grc' dir='ltr'>Ι.</span> <span class='ocrx_word' id='word_1_32' title='bbox 158 249 281 282; x_wconf 84' lang='lat' dir='ltr'><strong>Mater</strong></span> <span class='ocrx_word' id='word_1_33' title='bbox 297 243 550 280; x_wconf 81' lang='lat' dir='ltr'><strong>Mediolanum</strong></span> <span class='ocrx_word' id='word_1_34' title='bbox 575 248 702 278; x_wconf 89' lang='lat' dir='ltr'>secuta</span> <span class='ocrx_word' id='word_1_35' title='bbox 721 255 759 277; x_wconf 91' lang='lat' dir='ltr'>se</span> <span class='ocrx_word' id='word_1_36' title='bbox 775 255 849 276; x_wconf 90' lang='lat' dir='ltr'>non</span> <span class='ocrx_word' id='word_1_37' title='bbox 876 244 1056 276; x_wconf 87' lang='lat' dir='ltr'>obituram</span> <span class='ocrx_word' id='word_1_38' title='bbox 1083 254 1164 276; x_wconf 88' lang='lat' dir='ltr'>esse</span> <span class='ocrx_word' id='word_1_39' title='bbox 1184 243 1341 286; x_wconf 79' lang='lat' dir='ltr'>profite-</span> 
     </span>
     <span class='ocr_line' id='line_1_21' title="bbox 104 287 1269 338; baseline -0.006 -9"><span class='ocrx_word' id='word_1_40' title='bbox 104 300 174 334; x_wconf 88' lang='lat' dir='ltr'>tur,</span> <span class='ocrx_word' id='word_1_41' title='bbox 193 294 407 338; x_wconf 85' lang='lat' dir='ltr'>priusquam</span> <span class='ocrx_word' id='word_1_42' title='bbox 424 289 525 324; x_wconf 87' lang='lat' dir='ltr'>filius</span> <span class='ocrx_word' id='word_1_43' title='bbox 540 291 651 324; x_wconf 84' lang='lat' dir='ltr'>fidem</span> <span class='ocrx_word' id='word_1_44' title='bbox 671 289 903 324; x_wconf 81' lang='lat' dir='ltr'>catholicam</span> <span class='ocrx_word' id='word_1_45' title='bbox 920 287 1117 334; x_wconf 81' lang='lat' dir='ltr'>amplexus</span> <span class='ocrx_word' id='word_1_46' title='bbox 1135 289 1269 326; x_wconf 83' lang='lat' dir='ltr'>fuerit,</span> 
     </span>
    </p>

    <p class='ocr_par' dir='ltr' id='par_1_7' title="bbox 48 335 1337 431">
     <span class='ocr_line' id='line_1_22' title="bbox 48 335 1337 377; baseline -0.005 0"><span class='ocrx_word' id='word_1_47' title='bbox 48 369 55 376; x_wconf 93' lang='lat'>.</span> <span class='ocrx_word' id='word_1_48' title='bbox 76 347 107 377; x_wconf 87' lang='lat'>2.</span> <span class='ocrx_word' id='word_1_49' title='bbox 158 341 300 375; x_wconf 87' lang='lat' dir='ltr'>Eadem</span> <span class='ocrx_word' id='word_1_50' title='bbox 330 338 528 373; x_wconf 87' lang='lat' dir='ltr'>Ambrosio</span> <span class='ocrx_word' id='word_1_51' title='bbox 562 341 713 371; x_wconf 88' lang='lat' dir='ltr'>vetante</span> <span class='ocrx_word' id='word_1_52' title='bbox 737 337 903 370; x_wconf 86' lang='lat' dir='ltr'>abstinet</span> <span class='ocrx_word' id='word_1_53' title='bbox 934 348 954 371; x_wconf 87' lang='lat' dir='ltr'>a</span> <span class='ocrx_word' id='word_1_54' title='bbox 988 335 1225 371; x_wconf 79' lang='lat' dir='ltr'>celebrandis</span> <span class='ocrx_word' id='word_1_55' title='bbox 1242 349 1337 371; x_wconf 82' lang='lat' dir='ltr'>mar-</span> 
     </span>
     <span class='ocr_line' id='line_1_23' title="bbox 102 386 438 431; baseline -0.012 -9"><span class='ocrx_word' id='word_1_56' title='bbox 102 392 223 431; x_wconf 88' lang='lat' dir='ltr'>tyrum</span> <span class='ocrx_word' id='word_1_57' title='bbox 240 386 438 420; x_wconf 86' lang='lat' dir='ltr'>memoriis.</span> 
     </span>
    </p>

    <p class='ocr_par' dir='ltr' id='par_1_8' title="bbox 48 430 1336 526">
     <span class='ocr_line' id='line_1_24' title="bbox 48 430 1336 475; baseline -0.004 -5"><span class='ocrx_word' id='word_1_58' title='bbox 48 462 56 470; x_wconf 92' lang='lat'>.</span> <span class='ocrx_word' id='word_1_59' title='bbox 75 439 107 470; x_wconf 84' lang='lat'>3.</span> <span class='ocrx_word' id='word_1_60' title='bbox 157 434 396 468; x_wconf 87' lang='lat' dir='ltr'>Ambrosium</span> <span class='ocrx_word' id='word_1_61' title='bbox 419 431 580 474; x_wconf 82' lang='lat' dir='ltr'>negotiis</span> <span class='ocrx_word' id='word_1_62' title='bbox 604 430 815 473; x_wconf 84' lang='lat' dir='ltr'>studiisque</span> <span class='ocrx_word' id='word_1_63' title='bbox 842 435 1062 475; x_wconf 88' lang='lat' dir='ltr'>occupatum</span> <span class='ocrx_word' id='word_1_64' title='bbox 1079 443 1163 466; x_wconf 83' lang='lat' dir='ltr'>raro</span> <span class='ocrx_word' id='word_1_65' title='bbox 1184 432 1227 465; x_wconf 89' lang='lat' dir='ltr'>de</span> <span class='ocrx_word' id='word_1_66' title='bbox 1247 433 1336 465; x_wconf 80' lang='lat' dir='ltr'>scri-</span> 
     </span>
     <span class='ocr_line' id='line_1_25' title="bbox 106 476 957 526; baseline -0.004 -12"><span class='ocrx_word' id='word_1_67' title='bbox 106 486 218 526; x_wconf 85' lang='lat' dir='ltr'>ptura</span> <span class='ocrx_word' id='word_1_68' title='bbox 236 491 342 514; x_wconf 86' lang='lat' dir='ltr'>sacra</span> <span class='ocrx_word' id='word_1_69' title='bbox 359 479 486 523; x_wconf 87' lang='lat' dir='ltr'>potuit</span> <span class='ocrx_word' id='word_1_70' title='bbox 503 477 697 512; x_wconf 84' lang='lat' dir='ltr'>consulere</span> <span class='ocrx_word' id='word_1_71' title='bbox 716 476 957 518; x_wconf 80' lang='lat' dir='ltr'>Augustinus.</span> 
     </span>
    </p>

    <p class='ocr_par' dir='ltr' id='par_1_9' title="bbox 50 523 1337 608">
     <span class='ocr_line' id='line_1_26' title="bbox 50 523 1337 571; baseline -0.004 -8"><span class='ocrx_word' id='word_1_72' title='bbox 50 555 57 563; x_wconf 92' lang='lat'>.</span> <span class='ocrx_word' id='word_1_73' title='bbox 76 533 108 563; x_wconf 83' lang='lat'>4.</span> <span class='ocrx_word' id='word_1_74' title='bbox 162 527 387 571; x_wconf 88' lang='lat' dir='ltr'>Opinionum</span> <span class='ocrx_word' id='word_1_75' title='bbox 416 536 563 558; x_wconf 88' lang='lat' dir='ltr'>suarum</span> <span class='ocrx_word' id='word_1_76' title='bbox 593 523 801 558; x_wconf 81' lang='lat' dir='ltr'>falsitatem</span> <span class='ocrx_word' id='word_1_77' title='bbox 828 526 1018 566; x_wconf 80' lang='lat' dir='ltr'>cognovit,</span> <span class='ocrx_word' id='word_1_78' title='bbox 1067 526 1337 569; x_wconf 82' lang='lat' dir='ltr'>memoriaeque</span> 
     </span>
     <span class='ocr_line' id='line_1_27' title="bbox 107 572 674 608; baseline -0.007 0"><span class='ocrx_word' id='word_1_79' title='bbox 107 574 297 608; x_wconf 85' lang='lat' dir='ltr'>mandavit</span> <span class='ocrx_word' id='word_1_80' title='bbox 313 573 502 606; x_wconf 75' lang='lat' dir='ltr'>Ambrosii</span> <span class='ocrx_word' id='word_1_81' title='bbox 523 572 674 605; x_wconf 87' lang='lat' dir='ltr'>dictum.</span> 
     </span>
    </p>

    <p class='ocr_par' dir='ltr' id='par_1_10' title="bbox 52 617 1341 708">
     <span class='ocr_line' id='line_1_28' title="bbox 52 617 1341 662; baseline -0.002 -7"><span class='ocrx_word' id='word_1_82' title='bbox 52 648 58 655; x_wconf 95' lang='lat'>.</span> <span class='ocrx_word' id='word_1_83' title='bbox 79 624 111 655; x_wconf 91' lang='lat'>5.</span> <span class='ocrx_word' id='word_1_84' title='bbox 162 621 279 655; x_wconf 87' lang='lat' dir='ltr'>Fides</span> <span class='ocrx_word' id='word_1_85' title='bbox 302 619 584 653; x_wconf 73' lang='lat' dir='ltr'>fundamentum</span> <span class='ocrx_word' id='word_1_86' title='bbox 609 619 709 651; x_wconf 84' lang='lat' dir='ltr'>vitae</span> <span class='ocrx_word' id='word_1_87' title='bbox 735 617 934 658; x_wconf 81' lang='lat' dir='ltr'>humanae3</span> <span class='ocrx_word' id='word_1_88' title='bbox 962 617 1067 651; x_wconf 83' lang='lat' dir='ltr'>homo</span> <span class='ocrx_word' id='word_1_89' title='bbox 1093 619 1222 662; x_wconf 87' lang='lat' dir='ltr'>nequit</span> <span class='ocrx_word' id='word_1_90' title='bbox 1238 618 1341 652; x_wconf 79' lang='lat' dir='ltr'>inve-</span> 
     </span>
     <span class='ocr_line' id='line_1_29' title="bbox 107 665 1040 708; baseline -0.005 -6"><span class='ocrx_word' id='word_1_91' title='bbox 107 669 188 702; x_wconf 88' lang='lat' dir='ltr'>nire</span> <span class='ocrx_word' id='word_1_92' title='bbox 205 667 413 705; x_wconf 88' lang='lat' dir='ltr'>veritatem,</span> <span class='ocrx_word' id='word_1_93' title='bbox 431 676 537 708; x_wconf 90' lang='lat' dir='ltr'>quam</span> <span class='ocrx_word' id='word_1_94' title='bbox 555 665 704 708; x_wconf 86' lang='lat' dir='ltr'>aperuit</span> <span class='ocrx_word' id='word_1_95' title='bbox 719 665 906 707; x_wconf 85' lang='lat' dir='ltr'>scriptura</span> <span class='ocrx_word' id='word_1_96' title='bbox 924 676 1040 698; x_wconf 89' lang='lat' dir='ltr'>sacra.</span> 
     </span>
    </p>

    <p class='ocr_par' dir='ltr' id='par_1_11' title="bbox 52 710 1342 803">
     <span class='ocr_line' id='line_1_30' title="bbox 52 710 1342 755; baseline -0.002 -7"><span class='ocrx_word' id='word_1_97' title='bbox 52 741 59 748; x_wconf 87' lang='lat'>.</span> <span class='ocrx_word' id='word_1_98' title='bbox 81 717 111 750; x_wconf 82' lang='lat'>6.</span> <span class='ocrx_word' id='word_1_99' title='bbox 163 715 222 748; x_wconf 93' lang='lat' dir='ltr'>De</span> <span class='ocrx_word' id='word_1_100' title='bbox 255 713 398 755; x_wconf 84' lang='lat' dir='ltr'>origine</span> <span class='ocrx_word' id='word_1_101' title='bbox 425 715 463 746; x_wconf 90' lang='lat' dir='ltr'>et</span> <span class='ocrx_word' id='word_1_102' title='bbox 484 712 630 746; x_wconf 86' lang='lat' dir='ltr'>ratione</span> <span class='ocrx_word' id='word_1_103' title='bbox 654 712 735 745; x_wconf 82' lang='lat' dir='ltr'>veri</span> <span class='ocrx_word' id='word_1_104' title='bbox 760 712 910 754; x_wconf 78' lang='lat' dir='ltr'>gaudii,</span> <span class='ocrx_word' id='word_1_105' title='bbox 953 710 1068 745; x_wconf 84' lang='lat' dir='ltr'>allato</span> <span class='ocrx_word' id='word_1_106' title='bbox 1087 712 1246 746; x_wconf 88' lang='lat' dir='ltr'>mendici</span> <span class='ocrx_word' id='word_1_107' title='bbox 1266 710 1342 746; x_wconf 83' lang='lat' dir='ltr'>lae-</span> 
     </span>
     <span class='ocr_line' id='line_1_31' title="bbox 108 757 428 803; baseline -0.009 -9"><span class='ocrx_word' id='word_1_108' title='bbox 108 761 225 795; x_wconf 88' lang='lat' dir='ltr'>tantis</span> <span class='ocrx_word' id='word_1_109' title='bbox 240 757 428 803; x_wconf 78' lang='lat' dir='ltr'>exemplo.</span> 
     </span>
    </p>

    <p class='ocr_par' dir='ltr' id='par_1_12' title="bbox 52 804 1342 889">
     <span class='ocr_line' id='line_1_32' title="bbox 52 804 1342 850; baseline -0.002 -10"><span class='ocrx_word' id='word_1_110' title='bbox 52 833 60 840; x_wconf 91' lang='lat'>.</span> <span class='ocrx_word' id='word_1_111' title='bbox 80 810 111 841; x_wconf 84' lang='lat'>¹1.</span> <span class='ocrx_word' id='word_1_112' title='bbox 160 806 340 850; x_wconf 84' lang='lat' dir='ltr'>Alypium</span> <span class='ocrx_word' id='word_1_113' title='bbox 364 806 522 840; x_wconf 85' lang='lat' dir='ltr'>amicum</span> <span class='ocrx_word' id='word_1_114' title='bbox 548 804 695 839; x_wconf 84' lang='lat' dir='ltr'>insania</span> <span class='ocrx_word' id='word_1_115' title='bbox 716 804 948 839; x_wconf 84' lang='lat' dir='ltr'>Circensium</span> <span class='ocrx_word' id='word_1_116' title='bbox 968 809 1115 849; x_wconf 84' lang='lat' dir='ltr'>captum</span> <span class='ocrx_word' id='word_1_117' title='bbox 1135 805 1180 838; x_wconf 87' lang='lat' dir='ltr'>ad</span> <span class='ocrx_word' id='word_1_118' title='bbox 1200 805 1342 847; x_wconf 82' lang='lat' dir='ltr'>frugem</span> 
     </span>
     <span class='ocr_line' id='line_1_33' title="bbox 109 854 269 889; baseline -0.019 0"><span class='ocrx_word' id='word_1_119' title='bbox 109 854 269 889; x_wconf 80' lang='lat' dir='ltr'>reducit.</span> 
     </span>
    </p>

    <p class='ocr_par' dir='ltr' id='par_1_13' title="bbox 56 897 1347 943">
     <span class='ocr_line' id='line_1_34' title="bbox 56 897 1347 943; baseline -0.002 -10"><span class='ocrx_word' id='word_1_120' title='bbox 56 927 62 933; x_wconf 94' lang='lat'>.</span> <span class='ocrx_word' id='word_1_121' title='bbox 82 905 114 936; x_wconf 86' lang='grc'>8.</span> <span class='ocrx_word' id='word_1_122' title='bbox 164 900 267 934; x_wconf 82' lang='lat' dir='ltr'>Idem</span> <span class='ocrx_word' id='word_1_123' title='bbox 285 899 424 933; x_wconf 87' lang='lat' dir='ltr'>Romae</span> <span class='ocrx_word' id='word_1_124' title='bbox 449 900 493 932; x_wconf 89' lang='lat' dir='ltr'>ab</span> <span class='ocrx_word' id='word_1_125' title='bbox 519 897 603 932; x_wconf 86' lang='lat' dir='ltr'>aliis</span> <span class='ocrx_word' id='word_1_126' title='bbox 620 899 659 932; x_wconf 87' lang='lat' dir='ltr'>in</span> <span class='ocrx_word' id='word_1_127' title='bbox 675 897 991 943; x_wconf 81' lang='lat' dir='ltr'>amphitheatrum</span> <span class='ocrx_word' id='word_1_128' title='bbox 1015 899 1145 933; x_wconf 82' lang='lat' dir='ltr'>ductus</span> <span class='ocrx_word' id='word_1_129' title='bbox 1163 897 1347 941; x_wconf 79' lang='lat' dir='ltr'>gladiato-</span> 
     </span>
    </p>

    <p class='ocr_par' dir='ltr' id='par_1_14' title="bbox 115 945 550 981">
     <span class='ocr_line' id='line_1_35' title="bbox 115 945 550 981; baseline -0.007 0"><span class='ocrx_word' id='word_1_130' title='bbox 115 959 193 981; x_wconf 77' lang='lat' dir='ltr'>rum</span> <span class='ocrx_word' id='word_1_131' title='bbox 211 946 311 979; x_wconf 89' lang='lat' dir='ltr'>ludis</span> <span class='ocrx_word' id='word_1_132' title='bbox 332 945 550 979; x_wconf 79' lang='lat' dir='ltr'>delectatur.</span> 
     </span>
    </p>

    <p class='ocr_par' dir='ltr' id='par_1_15' title="bbox 57 991 1347 1036">
     <span class='ocr_line' id='line_1_36' title="bbox 57 991 1347 1036; baseline -0.002 -9"><span class='ocrx_word' id='word_1_133' title='bbox 57 997 115 1028; x_wconf 81' lang='grc'>,9.</span> <span class='ocrx_word' id='word_1_134' title='bbox 165 994 349 1026; x_wconf 86' lang='lat' dir='ltr'>Innocens</span> <span class='ocrx_word' id='word_1_135' title='bbox 373 991 533 1036; x_wconf 76' lang='lat' dir='ltr'>Alypius</span> <span class='ocrx_word' id='word_1_136' title='bbox 564 996 605 1025; x_wconf 92' lang='lat' dir='ltr'>ut</span> <span class='ocrx_word' id='word_1_137' title='bbox 628 991 690 1026; x_wconf 85' lang='lat' dir='ltr'>fur</span> <span class='ocrx_word' id='word_1_138' title='bbox 714 991 1003 1036; x_wconf 83' lang='lat' dir='ltr'>comprehensus</span> <span class='ocrx_word' id='word_1_139' title='bbox 1038 992 1236 1027; x_wconf 82' lang='lat' dir='ltr'>architecti</span> <span class='ocrx_word' id='word_1_140' title='bbox 1268 997 1347 1026; x_wconf 79' lang='lat' dir='ltr'>arte</span> 
     </span>
    </p>

    <p class='ocr_par' dir='ltr' id='par_1_16' title="bbox 112 1039 306 1074">
     <span class='ocr_line' id='line_1_37' title="bbox 112 1039 306 1074; baseline -0.005 -1"><span class='ocrx_word' id='word_1_141' title='bbox 112 1039 306 1074; x_wconf 86' lang='lat' dir='ltr'>liberatur.</span> 
     </span>
    </p>

    <p class='ocr_par' dir='ltr' id='par_1_17' title="bbox 58 1084 1349 1131">
     <span class='ocr_line' id='line_1_38' title="bbox 58 1084 1349 1131; baseline -0.002 -10"><span class='ocrx_word' id='word_1_142' title='bbox 58 1114 65 1121; x_wconf 90' lang='lat'>.</span> <span class='ocrx_word' id='word_1_143' title='bbox 86 1091 141 1121; x_wconf 92' lang='grc'>10.</span> <span class='ocrx_word' id='word_1_144' title='bbox 191 1086 322 1130; x_wconf 81' lang='lat' dir='ltr'>Alypii</span> <span class='ocrx_word' id='word_1_145' title='bbox 355 1087 448 1120; x_wconf 87' lang='lat' dir='ltr'>mira</span> <span class='ocrx_word' id='word_1_146' title='bbox 478 1087 515 1119; x_wconf 89' lang='lat' dir='ltr'>in</span> <span class='ocrx_word' id='word_1_147' title='bbox 542 1087 691 1121; x_wconf 87' lang='lat' dir='ltr'>iudiciis</span> <span class='ocrx_word' id='word_1_148' title='bbox 726 1086 935 1129; x_wconf 75' lang='lat' dir='ltr'>integritas,</span> <span class='ocrx_word' id='word_1_149' title='bbox 962 1084 1212 1131; x_wconf 88' lang='lat' dir='ltr'>Nebridiique</span> <span class='ocrx_word' id='word_1_150' title='bbox 1245 1087 1349 1120; x_wconf 69' lang='lat' dir='ltr'>firma</span> 
     </span>
    </p>

    <p class='ocr_par' dir='ltr' id='par_1_18' title="bbox 114 1133 611 1175">
     <span class='ocr_line' id='line_1_39' title="bbox 114 1133 611 1175; baseline -0.004 -7"><span class='ocrx_word' id='word_1_151' title='bbox 114 1146 194 1168; x_wconf 90' lang='lat' dir='ltr'>cum</span> <span class='ocrx_word' id='word_1_152' title='bbox 210 1133 417 1175; x_wconf 79' lang='lat' dir='ltr'>Augustino</span> <span class='ocrx_word' id='word_1_153' title='bbox 436 1134 611 1167; x_wconf 89' lang='lat' dir='ltr'>amicitia.</span> 
     </span>
    </p>

    <p class='ocr_par' dir='ltr' id='par_1_19' title="bbox 59 1179 1350 1261">
     <span class='ocr_line' id='line_1_40' title="bbox 59 1179 1350 1261; baseline 0.001 -49"><span class='ocrx_word' id='word_1_154' title='bbox 59 1205 66 1212; x_wconf 93' lang='lat'>.</span> <span class='ocrx_word' id='word_1_155' title='bbox 88 1185 143 1214; x_wconf 93' lang='lat' dir='ltr'>ll.</span> <span class='ocrx_word' id='word_1_156' title='bbox 164 1181 394 1261; x_wconf 83' lang='lat' dir='ltr'>lErroribus</span> <span class='ocrx_word' id='word_1_157' title='bbox 418 1181 648 1223; x_wconf 82' lang='lat' dir='ltr'>gravissimis</span> <span class='ocrx_word' id='word_1_158' title='bbox 672 1184 831 1214; x_wconf 87' lang='lat' dir='ltr'>vexatus</span> <span class='ocrx_word' id='word_1_159' title='bbox 851 1180 895 1214; x_wconf 90' lang='lat' dir='ltr'>de</span> <span class='ocrx_word' id='word_1_160' title='bbox 914 1190 1008 1213; x_wconf 78' lang='lat' dir='ltr'>nova</span> <span class='ocrx_word' id='word_1_161' title='bbox 1025 1180 1100 1214; x_wconf 80' lang='lat' dir='ltr'>vita</span> <span class='ocrx_word' id='word_1_162' title='bbox 1118 1179 1350 1213; x_wconf 75' lang='lat' dir='ltr'>instituenda</span> 
     </span>
    </p>

    <p class='ocr_par' dir='ltr' id='par_1_20' title="bbox 117 1229 314 1262">
     <span class='ocr_line' id='line_1_41' title="bbox 117 1229 314 1262; baseline -0.01 -1"><span class='ocrx_word' id='word_1_163' title='bbox 117 1229 161 1262; x_wconf 88' lang='lat' dir='ltr'>de</span> <span class='ocrx_word' id='word_1_164' title='bbox 180 1229 314 1261; x_wconf 82' lang='lat' dir='ltr'>iberat.</span> 
     </span>
    </p>

    <p class='ocr_par' dir='ltr' id='par_1_21' title="bbox 87 1271 1305 1318">
     <span class='ocr_line' id='line_1_42' title="bbox 87 1271 1305 1318; baseline -0.002 -9"><span class='ocrx_word' id='word_1_165' title='bbox 87 1279 142 1309; x_wconf 79' lang='lat'>12.</span> <span class='ocrx_word' id='word_1_166' title='bbox 193 1274 412 1318; x_wconf 89' lang='lat' dir='ltr'>Disputatio</span> <span class='ocrx_word' id='word_1_167' title='bbox 432 1285 511 1308; x_wconf 90' lang='lat' dir='ltr'>cum</span> <span class='ocrx_word' id='word_1_168' title='bbox 529 1272 667 1318; x_wconf 80' lang='lat' dir='ltr'>Alypio</span> <span class='ocrx_word' id='word_1_169' title='bbox 688 1275 732 1308; x_wconf 85' lang='lat' dir='ltr'>de</span> <span class='ocrx_word' id='word_1_170' title='bbox 749 1274 982 1309; x_wconf 87' lang='lat' dir='ltr'>matrimonio</span> <span class='ocrx_word' id='word_1_171' title='bbox 1001 1281 1038 1307; x_wconf 87' lang='lat' dir='ltr'>et</span> <span class='ocrx_word' id='word_1_172' title='bbox 1055 1274 1130 1307; x_wconf 78' lang='lat' dir='ltr'>vita</span> <span class='ocrx_word' id='word_1_173' title='bbox 1149 1271 1305 1307; x_wconf 88' lang='lat' dir='ltr'>coelibe.</span> 
     </span>
    </p>

    <p class='ocr_par' dir='ltr' id='par_1_22' title="bbox 56 1319 1349 1364">
     <span class='ocr_line' id='line_1_43' title="bbox 56 1319 1349 1364; baseline -0.003 -8"><span class='ocrx_word' id='word_1_174' title='bbox 56 1347 65 1356; x_wconf 91' lang='lat'>.</span> <span class='ocrx_word' id='word_1_175' title='bbox 88 1325 139 1355; x_wconf 86' lang='lat'>13.</span> <span class='ocrx_word' id='word_1_176' title='bbox 187 1321 221 1355; x_wconf 80' lang='lat' dir='ltr'>A</span> <span class='ocrx_word' id='word_1_177' title='bbox 244 1326 361 1354; x_wconf 84' lang='lat' dir='ltr'>matre</span> <span class='ocrx_word' id='word_1_178' title='bbox 388 1321 598 1355; x_wconf 85' lang='lat' dir='ltr'>admonitus</span> <span class='ocrx_word' id='word_1_179' title='bbox 630 1323 672 1354; x_wconf 87' lang='lat' dir='ltr'>ut</span> <span class='ocrx_word' id='word_1_180' title='bbox 684 1332 839 1355; x_wconf 87' lang='lat' dir='ltr'>uxorem</span> <span class='ocrx_word' id='word_1_181' title='bbox 859 1322 1029 1359; x_wconf 82' lang='lat' dir='ltr'>duceret,</span> <span class='ocrx_word' id='word_1_182' title='bbox 1055 1321 1167 1364; x_wconf 74' lang='lat' dir='ltr'>retiit</span> <span class='ocrx_word' id='word_1_183' title='bbox 1185 1319 1349 1364; x_wconf 85' lang='lat' dir='ltr'>puellam</span> 
     </span>
    </p>

    <p class='ocr_par' dir='ltr' id='par_1_23' title="bbox 117 1366 414 1411">
     <span class='ocr_line' id='line_1_44' title="bbox 117 1366 414 1411; baseline -0.007 -9"><span class='ocrx_word' id='word_1_184' title='bbox 117 1379 209 1411; x_wconf 82' lang='lat' dir='ltr'>quae</span> <span class='ocrx_word' id='word_1_185' title='bbox 228 1366 414 1411; x_wconf 84' lang='lat' dir='ltr'>placebat.</span> 
     </span>
    </p>

    <p class='ocr_par' dir='ltr' id='par_1_24' title="bbox 60 1412 1349 1448">
     <span class='ocr_line' id='line_1_45' title="bbox 60 1412 1349 1448; baseline -0.002 -1"><span class='ocrx_word' id='word_1_186' title='bbox 60 1440 67 1447; x_wconf 92' lang='lat'>.</span> <span class='ocrx_word' id='word_1_187' title='bbox 91 1419 144 1447; x_wconf 75' lang='lat'>14.</span> <span class='ocrx_word' id='word_1_188' title='bbox 197 1412 405 1447; x_wconf 89' lang='lat' dir='ltr'>Consilium</span> <span class='ocrx_word' id='word_1_189' title='bbox 436 1425 545 1448; x_wconf 85' lang='lat' dir='ltr'>unam</span> <span class='ocrx_word' id='word_1_190' title='bbox 578 1425 658 1448; x_wconf 90' lang='lat' dir='ltr'>cum</span> <span class='ocrx_word' id='word_1_191' title='bbox 690 1415 820 1448; x_wconf 87' lang='lat' dir='ltr'>amicis</span> <span class='ocrx_word' id='word_1_192' title='bbox 851 1425 928 1447; x_wconf 89' lang='lat' dir='ltr'>rem</span> <span class='ocrx_word' id='word_1_193' title='bbox 959 1413 1184 1447; x_wconf 82' lang='lat' dir='ltr'>familiarem</span> <span class='ocrx_word' id='word_1_194' title='bbox 1210 1413 1349 1446; x_wconf 85' lang='lat' dir='ltr'>consti-</span> 
     </span>
    </p>

    <p class='ocr_par' dir='ltr' id='par_1_25' title="bbox 116 1461 583 1504">
     <span class='ocr_line' id='line_1_46' title="bbox 116 1461 583 1504; baseline -0.004 -10"><span class='ocrx_word' id='word_1_195' title='bbox 116 1461 246 1494; x_wconf 85' lang='lat' dir='ltr'>tuendi</span> <span class='ocrx_word' id='word_1_196' title='bbox 264 1471 351 1493; x_wconf 77' lang='lat' dir='ltr'>mox</span> <span class='ocrx_word' id='word_1_197' title='bbox 368 1461 583 1504; x_wconf 81' lang='lat' dir='ltr'>impeditur.</span> 
     </span>
    </p>

    <p class='ocr_par' dir='ltr' id='par_1_26' title="bbox 59 1505 1350 1550">
     <span class='ocr_line' id='line_1_47' title="bbox 59 1505 1350 1550; baseline -0.001 -12"><span class='ocrx_word' id='word_1_198' title='bbox 59 1532 66 1538; x_wconf 92' lang='lat'>.</span> <span class='ocrx_word' id='word_1_199' title='bbox 88 1511 141 1540; x_wconf 83' lang='lat'>15.</span> <span class='ocrx_word' id='word_1_200' title='bbox 191 1508 313 1541; x_wconf 88' lang='lat' dir='ltr'>Unam</span> <span class='ocrx_word' id='word_1_201' title='bbox 351 1508 593 1540; x_wconf 88' lang='lat' dir='ltr'>concubinam</span> <span class='ocrx_word' id='word_1_202' title='bbox 634 1507 792 1541; x_wconf 87' lang='lat' dir='ltr'>dimittit</span> <span class='ocrx_word' id='word_1_203' title='bbox 830 1506 1013 1550; x_wconf 82' lang='lat' dir='ltr'>aliamque</span> <span class='ocrx_word' id='word_1_204' title='bbox 1054 1505 1163 1548; x_wconf 84' lang='lat' dir='ltr'>eligit</span> <span class='ocrx_word' id='word_1_205' title='bbox 1201 1506 1350 1539; x_wconf 82' lang='lat' dir='ltr'>deserta</span> 
     </span>
    </p>

    <p class='ocr_par' dir='ltr' id='par_1_27' title="bbox 118 1553 558 1598">
     <span class='ocr_line' id='line_1_48' title="bbox 118 1553 558 1598; baseline -0.005 -10"><span class='ocrx_word' id='word_1_206' title='bbox 118 1553 246 1598; x_wconf 86' lang='lat' dir='ltr'>puella</span> <span class='ocrx_word' id='word_1_207' title='bbox 263 1564 369 1596; x_wconf 86' lang='lat' dir='ltr'>quam</span> <span class='ocrx_word' id='word_1_208' title='bbox 387 1554 558 1597; x_wconf 85' lang='lat' dir='ltr'>petierat.</span> 
     </span>
    </p>

    <p class='ocr_par' dir='ltr' id='par_1_28' title="bbox 60 1599 1349 1643">
     <span class='ocr_line' id='line_1_49' title="bbox 60 1599 1349 1643; baseline -0.002 -9"><span class='ocrx_word' id='word_1_209' title='bbox 60 1626 68 1634; x_wconf 90' lang='lat'>.</span> <span class='ocrx_word' id='word_1_210' title='bbox 89 1604 140 1636; x_wconf 88' lang='grc'>16.</span> <span class='ocrx_word' id='word_1_211' title='bbox 191 1600 326 1633; x_wconf 81' lang='lat' dir='ltr'>Mortis</span> <span class='ocrx_word' id='word_1_212' title='bbox 357 1600 561 1643; x_wconf 88' lang='lat' dir='ltr'>iudiciique</span> <span class='ocrx_word' id='word_1_213' title='bbox 593 1604 711 1634; x_wconf 81' lang='lat' dir='ltr'>metus</span> <span class='ocrx_word' id='word_1_214' title='bbox 736 1611 757 1632; x_wconf 85' lang='lat' dir='ltr'>a</span> <span class='ocrx_word' id='word_1_215' title='bbox 781 1600 1010 1634; x_wconf 81' lang='lat' dir='ltr'>facinoribus</span> <span class='ocrx_word' id='word_1_216' title='bbox 1043 1600 1210 1633; x_wconf 73' lang='lat' dir='ltr'>avocavit</span> <span class='ocrx_word' id='word_1_217' title='bbox 1235 1599 1349 1632; x_wconf 84' lang='lat' dir='ltr'>animi</span> 
     </span>
    </p>
   </div>
   <div class='ocr_carea' id='block_1_6' title="bbox 116 1646 1348 1728">
    <p class='ocr_par' dir='ltr' id='par_1_29' title="bbox 116 1646 1348 1728">
     <span class='ocr_line' id='line_1_50' title="bbox 116 1646 1348 1691; baseline -0.002 -10"><span class='ocrx_word' id='word_1_218' title='bbox 116 1647 434 1681; x_wconf 85' lang='lat' dir='ltr'>immortalitatem</span> <span class='ocrx_word' id='word_1_219' title='bbox 461 1648 694 1687; x_wconf 77' lang='lat' dir='ltr'>credentem,</span> <span class='ocrx_word' id='word_1_220' title='bbox 719 1652 806 1681; x_wconf 85' lang='lat' dir='ltr'>ante</span> <span class='ocrx_word' id='word_1_221' title='bbox 822 1647 980 1691; x_wconf 87' lang='lat' dir='ltr'>Epicuri</span> <span class='ocrx_word' id='word_1_222' title='bbox 1004 1647 1200 1690; x_wconf 87' lang='lat' dir='ltr'>opiniones</span> <span class='ocrx_word' id='word_1_223' title='bbox 1220 1646 1348 1679; x_wconf 87' lang='lat' dir='ltr'>defen-</span> 
     </span>
     <span class='ocr_line' id='line_1_51' title="bbox 118 1695 277 1728; baseline -0.006 0"><span class='ocrx_word' id='word_1_224' title='bbox 118 1695 277 1728; x_wconf 85' lang='lat' dir='ltr'>dentem.</span> 
     </span>
    </p>
   </div>
   <div class='ocr_carea' id='block_1_7' title="bbox 388 1769 981 1812">
    <p class='ocr_par' dir='ltr' id='par_1_30' title="bbox 388 1769 981 1812">
     <span class='ocr_line' id='line_1_52' title="bbox 388 1769 981 1812; baseline 0 -2"><span class='ocrx_word' id='word_1_225' title='bbox 388 1769 594 1811; x_wconf 87' lang='lat' dir='ltr'>LIBER</span> <span class='ocrx_word' id='word_1_226' title='bbox 625 1769 981 1812; x_wconf 89' lang='lat' dir='ltr'>SEPTIMUS.</span> 
     </span>
    </p>
   </div>
   <div class='ocr_carea' id='block_1_8' title="bbox 96 1838 1350 1874">
    <p class='ocr_par' dir='ltr' id='par_1_31' title="bbox 96 1838 1350 1874">
     <span class='ocr_line' id='line_1_53' title="bbox 96 1838 1350 1874; baseline -0.002 -1"><span class='ocrx_word' id='word_1_227' title='bbox 96 1838 253 1874; x_wconf 77' lang='lat' dir='ltr'>Recolit</span> <span class='ocrx_word' id='word_1_228' title='bbox 275 1838 479 1874; x_wconf 75' lang='lat' dir='ltr'>iuventutis</span> <span class='ocrx_word' id='word_1_229' title='bbox 501 1840 698 1874; x_wconf 76' lang='lat' dir='ltr'>exordium</span> <span class='ocrx_word' id='word_1_230' title='bbox 715 1840 741 1873; x_wconf 84' lang='grc' dir='ltr'>ἰ.</span> <span class='ocrx_word' id='word_1_231' title='bbox 758 1852 787 1874; x_wconf 87' lang='lat' dir='ltr'>e.</span> <span class='ocrx_word' id='word_1_232' title='bbox 806 1851 946 1874; x_wconf 77' lang='lat' dir='ltr'>annum</span> <span class='ocrx_word' id='word_1_233' title='bbox 965 1839 1104 1874; x_wconf 71' lang='lat' dir='ltr'>aetatis</span> <span class='ocrx_word' id='word_1_234' title='bbox 1124 1838 1350 1874; x_wconf 76' lang='lat' dir='ltr'>tricesimum</span> 
     </span>
    </p>
   </div>
   <div class='ocr_carea' id='block_1_9' title="bbox 22 1886 1349 2025">
    <p class='ocr_par' dir='ltr' id='par_1_32' title="bbox 22 1886 1349 2025">
     <span class='ocr_line' id='line_1_54' title="bbox 22 1886 1348 1935; baseline -0.001 -16"><span class='ocrx_word' id='word_1_235' title='bbox 22 1886 207 1935; x_wconf 74' lang='lat' dir='ltr'>primum,</span> <span class='ocrx_word' id='word_1_236' title='bbox 228 1896 296 1931; x_wconf 76' lang='lat' dir='ltr'>qno</span> <span class='ocrx_word' id='word_1_237' title='bbox 312 1886 457 1920; x_wconf 75' lang='lat' dir='ltr'>relictis</span> <span class='ocrx_word' id='word_1_238' title='bbox 469 1886 708 1931; x_wconf 76' lang='lat' dir='ltr'>gravissimis</span> <span class='ocrx_word' id='word_1_239' title='bbox 723 1890 764 1922; x_wconf 84' lang='lat' dir='ltr'>de</span> <span class='ocrx_word' id='word_1_240' title='bbox 777 1886 851 1922; x_wconf 72' lang='lat' dir='ltr'>Dei</span> <span class='ocrx_word' id='word_1_241' title='bbox 867 1892 1008 1920; x_wconf 75' lang='lat' dir='ltr'>natum</span> <span class='ocrx_word' id='word_1_242' title='bbox 1022 1887 1186 1932; x_wconf 78' lang='lat' dir='ltr'>malique</span> <span class='ocrx_word' id='word_1_243' title='bbox 1201 1886 1348 1929; x_wconf 77' lang='lat' dir='ltr'>orig-ina</span> 
     </span>
     <span class='ocr_line' id='line_1_55' title="bbox 28 1931 1347 1978; baseline -0.003 -10"><span class='ocrx_word' id='word_1_244' title='bbox 28 1933 213 1968; x_wconf 74' lang='lat' dir='ltr'>erroribus</span> <span class='ocrx_word' id='word_1_245' title='bbox 230 1938 268 1966; x_wconf 79' lang='lat' dir='ltr'>et</span> <span class='ocrx_word' id='word_1_246' title='bbox 290 1932 392 1966; x_wconf 78' lang='lat' dir='ltr'>libris</span> <span class='ocrx_word' id='word_1_247' title='bbox 415 1935 535 1968; x_wconf 77' lang='lat' dir='ltr'>sacris</span> <span class='ocrx_word' id='word_1_248' title='bbox 560 1934 782 1968; x_wconf 74' lang='lat' dir='ltr'>accuratius</span> <span class='ocrx_word' id='word_1_249' title='bbox 800 1933 965 1978; x_wconf 76' lang='lat' dir='ltr'>cognitis</span> <span class='ocrx_word' id='word_1_250' title='bbox 985 1936 1133 1968; x_wconf 76' lang='lat' dir='ltr'>tandem</span> <span class='ocrx_word' id='word_1_251' title='bbox 1151 1936 1203 1968; x_wconf 80' lang='lat' dir='ltr'>ad</span> <span class='ocrx_word' id='word_1_252' title='bbox 1219 1931 1347 1976; x_wconf 62' lang='grc' dir='ltr'><em>0031ιί-</em></span> 
     </span>
     <span class='ocr_line' id='line_1_56' title="bbox 29 1978 1349 2025; baseline -0.001 -12"><span class='ocrx_word' id='word_1_253' title='bbox 29 1980 167 2014; x_wconf 80' lang='lat' dir='ltr'>tionem</span> <span class='ocrx_word' id='word_1_254' title='bbox 188 1978 258 2013; x_wconf 82' lang='lat' dir='ltr'>Dei</span> <span class='ocrx_word' id='word_1_255' title='bbox 289 1978 474 2014; x_wconf 80' lang='lat' dir='ltr'>sinceram</span> <span class='ocrx_word' id='word_1_256' title='bbox 501 1980 692 2025; x_wconf 79' lang='lat' dir='ltr'>pervenit,</span> <span class='ocrx_word' id='word_1_257' title='bbox 728 1982 770 2015; x_wconf 83' lang='lat' dir='ltr'>de</span> <span class='ocrx_word' id='word_1_258' title='bbox 799 1980 883 2015; x_wconf 74' lang='lat' dir='ltr'>Iesu</span> <span class='ocrx_word' id='word_1_259' title='bbox 907 1979 1052 2016; x_wconf 78' lang='lat' dir='ltr'>Christo</span> <span class='ocrx_word' id='word_1_260' title='bbox 1073 1982 1236 2014; x_wconf 81' lang='lat' dir='ltr'>nondum</span> <span class='ocrx_word' id='word_1_261' title='bbox 1252 1985 1349 2014; x_wconf 78' lang='lat' dir='ltr'>recle</span> 
     </span>
    </p>
   </div>
   <div class='ocr_carea' id='block_1_10' title="bbox 27 2038 62 2060">
    <p class='ocr_par' dir='ltr' id='par_1_33' title="bbox 27 2038 62 2060">
     <span class='ocr_line' id='line_1_57' title="bbox 27 2038 62 2060; baseline 0 0"><span class='ocrx_word' id='word_1_262' title='bbox 27 2038 62 2060; x_wconf 71' lang='lat' dir='ltr'>SC</span> 
     </span>
    </p>
   </div>
   <div class='ocr_carea' id='block_1_11' title="bbox 31 2073 59 2107">
    <p class='ocr_par' dir='ltr' id='par_1_34' title="bbox 31 2073 59 2107">
     <span class='ocr_line' id='line_1_58' title="bbox 31 2073 59 2107; baseline 0 0"><span class='ocrx_word' id='word_1_263' title='bbox 31 2073 59 2107; x_wconf 92' lang='lat' dir='ltr'>C</span> 
     </span>
    </p>
   </div>
   <div class='ocr_carea' id='block_1_12' title="bbox 65 2025 1349 2164">
    <p class='ocr_par' dir='ltr' id='par_1_35' title="bbox 65 2025 1349 2164">
     <span class='ocr_line' id='line_1_59' title="bbox 66 2025 584 2072; baseline -0.002 -12"><span class='ocrx_word' id='word_1_264' title='bbox 66 2026 199 2060; x_wconf 76' lang='lat' dir='ltr'>ntiens.</span> <span class='ocrx_word' id='word_1_265' title='bbox 228 2025 338 2068; x_wconf 82' lang='lat' dir='ltr'>(Pag.</span> <span class='ocrx_word' id='word_1_266' title='bbox 359 2030 584 2072; x_wconf 78' lang='lat' dir='ltr'>loo—121.)</span> 
     </span>
     <span class='ocr_line' id='line_1_60' title="bbox 65 2073 1349 2118; baseline -0.001 -12"><span class='ocrx_word' id='word_1_267' title='bbox 65 2098 72 2106; x_wconf 95' lang='lat'>.</span> <span class='ocrx_word' id='word_1_268' title='bbox 92 2076 119 2105; x_wconf 94' lang='lat' dir='ltr'>l.</span> <span class='ocrx_word' id='word_1_269' title='bbox 169 2073 289 2107; x_wconf 89' lang='lat' dir='ltr'>Deum</span> <span class='ocrx_word' id='word_1_270' title='bbox 314 2084 387 2105; x_wconf 90' lang='lat' dir='ltr'>non</span> <span class='ocrx_word' id='word_1_271' title='bbox 412 2076 559 2117; x_wconf 88' lang='lat' dir='ltr'>quidem</span> <span class='ocrx_word' id='word_1_272' title='bbox 586 2074 704 2109; x_wconf 87' lang='lat' dir='ltr'>forma</span> <span class='ocrx_word' id='word_1_273' title='bbox 728 2075 898 2118; x_wconf 86' lang='lat' dir='ltr'>corporis</span> <span class='ocrx_word' id='word_1_274' title='bbox 925 2073 1092 2113; x_wconf 88' lang='lat' dir='ltr'>humani,</span> <span class='ocrx_word' id='word_1_275' title='bbox 1127 2073 1192 2107; x_wconf 82' lang='lat' dir='ltr'>sed</span> <span class='ocrx_word' id='word_1_276' title='bbox 1218 2083 1349 2115; x_wconf 86' lang='lat' dir='ltr'>corpo-</span> 
     </span>
     <span class='ocr_line' id='line_1_61' title="bbox 120 2121 1032 2164; baseline 0.001 -12"><span class='ocrx_word' id='word_1_277' title='bbox 120 2130 222 2153; x_wconf 89' lang='lat' dir='ltr'>reum</span> <span class='ocrx_word' id='word_1_278' title='bbox 240 2131 308 2164; x_wconf 81' lang='lat' dir='ltr'>per</span> <span class='ocrx_word' id='word_1_279' title='bbox 324 2123 448 2163; x_wconf 81' lang='lat' dir='ltr'>spatia</span> <span class='ocrx_word' id='word_1_280' title='bbox 463 2123 626 2156; x_wconf 85' lang='lat' dir='ltr'>locorum</span> <span class='ocrx_word' id='word_1_281' title='bbox 647 2122 822 2155; x_wconf 83' lang='lat' dir='ltr'>diffusum</span> <span class='ocrx_word' id='word_1_282' title='bbox 841 2121 1032 2162; x_wconf 82' lang='lat' dir='ltr'>cogitavit.</span> 
     </span>
    </p>
   </div>
   <div class='ocr_carea' id='block_1_13' title="bbox 32 2165 1347 2212">
    <p class='ocr_par' dir='ltr' id='par_1_36' title="bbox 32 2165 1347 2212">
     <span class='ocr_line' id='line_1_62' title="bbox 32 2165 1347 2212; baseline -0.001 -12"><span class='ocrx_word' id='word_1_283' title='bbox 32 2166 71 2200; x_wconf 90' lang='lat' dir='ltr'>C.</span> <span class='ocrx_word' id='word_1_284' title='bbox 92 2169 123 2199; x_wconf 85' lang='lat'>2.</span> <span class='ocrx_word' id='word_1_285' title='bbox 171 2165 349 2200; x_wconf 83' lang='lat' dir='ltr'>Nebridii</span> <span class='ocrx_word' id='word_1_286' title='bbox 384 2169 591 2212; x_wconf 80' lang='lat' dir='ltr'>disputatio</span> <span class='ocrx_word' id='word_1_287' title='bbox 618 2172 747 2202; x_wconf 87' lang='lat' dir='ltr'>contra</span> <span class='ocrx_word' id='word_1_288' title='bbox 764 2168 1004 2202; x_wconf 82' lang='lat' dir='ltr'>Manichaeos</span> <span class='ocrx_word' id='word_1_289' title='bbox 1030 2168 1247 2210; x_wconf 80' lang='lat' dir='ltr'>quaestione</span> <span class='ocrx_word' id='word_1_290' title='bbox 1264 2177 1347 2209; x_wconf 90' lang='lat' dir='ltr'>pro-</span> 
     </span>
    </p>
   </div>
   <div class='ocr_carea' id='block_1_14' title="bbox 122 2212 1230 2259">
    <p class='ocr_par' dir='ltr' id='par_1_37' title="bbox 122 2212 1230 2259">
     <span class='ocr_line' id='line_1_63' title="bbox 122 2212 1230 2259; baseline -0.005 -9"><span class='ocrx_word' id='word_1_291' title='bbox 122 2215 263 2256; x_wconf 61' lang='lat' dir='ltr'>posita:</span> <span class='ocrx_word' id='word_1_292' title='bbox 290 2223 373 2246; x_wconf 82' lang='lat' dir='ltr'>num</span> <span class='ocrx_word' id='word_1_293' title='bbox 394 2216 496 2250; x_wconf 85' lang='lat' dir='ltr'>Deus</span> <span class='ocrx_word' id='word_1_294' title='bbox 515 2217 564 2249; x_wconf 90' lang='lat' dir='ltr'>sit</span> <span class='ocrx_word' id='word_1_295' title='bbox 581 2213 841 2259; x_wconf 83' lang='lat' dir='ltr'>corruptibilis</span> <span class='ocrx_word' id='word_1_296' title='bbox 858 2225 902 2248; x_wconf 82' lang='lat' dir='ltr'>an</span> <span class='ocrx_word' id='word_1_297' title='bbox 921 2212 1230 2258; x_wconf 73' lang='lat' dir='ltr'>incorruptibilis.</span> 
     </span>
    </p>
   </div>
  </div>
 </body>
</html>
