1514 2438
263 91 794 134 CONFESSIONUM
823 91 1028 133 LIBER
1057 92 1139 132 lx.
1287 91 1365 131 157

37 183 128 224 bat.
187 178 426 220 Nutrierat
447 177 588 228 filios,
611 179 753 218 toties
779 190 859 218 eos
877 178 1157 231 parturiens,
1181 179 1364 231 quoties

40 252 66 278 a
95 244 142 278 te
177 237 360 277 deviare
394 234 623 275 cernebat.
685 234 928 275 Postremo
962 235 1116 283 nobis,
1149 233 1363 283 Domine,

41 293 272 343 omnibus,
299 291 407 346 quia
429 304 485 331 ex
506 302 695 331 munere
717 296 797 331 tuo
817 291 929 331 sinis
946 290 1075 345 loqui
1093 291 1238 331 servis
1255 291 1364 339 tuis,

41 351 118 404 qui
141 354 245 389 ante
270 348 593 388 dormitionem
617 347 715 387 eius
732 349 779 388 in
796 352 843 387 te
860 347 951 387 iam
973 347 1230 387 consociati
1246 349 1365 387 vive-

38 407 214 456 bamus,
227 409 445 458 percepta
459 404 608 458 gratia
623 403 838 456 baptismi
849 404 933 454 tui,
950 404 1016 444 ita
1033 415 1189 444 curam
1207 404 1366 457 gessit,

43 463 174 516 quasi
192 472 346 501 omnes
364 462 616 514 genuisset,
628 460 694 500 ita
711 460 913 509 servivit,
934 460 1065 514 quasi
1081 460 1138 501 ab
1158 459 1368 501 omnibus

43 518 199 572 genita
214 516 392 557 fuisset.

128 573 176 614 C.
199 573 255 613 X.
315 572 610 625 Impendente
643 577 795 613 autem
828 572 922 622 die,
956 584 1045 626 quo
1079 584 1137 612 ex
1168 570 1252 612 hac
1274 571 1370 611 vita

45 636 144 671 erat
161 631 360 678 exitura,
380 641 512 683 quem
532 628 653 669 diem
668 633 720 669 tu
736 641 930 669 noveras
950 627 1271 683 ignorantibus
1290 640 1368 668 no-

40 687 128 737 bis,
146 691 422 739 provenerat
443 686 513 735 (ut
530 685 689 736 credo)
708 690 984 738 procurante
1002 692 1046 725 te
1066 684 1260 725 occultis
1277 684 1369 724 tuis

42 742 212 792 modis,
240 747 290 782 ut
313 754 399 796 ego
426 742 592 794 etipsa
615 741 704 781 soli
729 746 954 782 staremus
976 741 1294 782 incumbentes
1313 740 1371 781 ad

44 798 283 854 quamdam
299 797 564 848 fenestram,
580 797 699 838 unde
718 796 878 839 hortus
896 798 1018 839 intra
1035 798 1233 847 domum,
1254 808 1370 851 quae

41 867 127 895 nos
146 853 363 904 habebat,
383 854 782 907 prospectabatur,
802 855 898 896 illic
917 855 1037 909 apud
1057 854 1177 896 ostia
1193 854 1372 894 Tiberi-

42 924 120 960 na,
143 911 222 951 ubi
243 912 411 951 remoti
432 923 460 950 a
478 909 645 960 turbis,
669 916 776 964 post
796 911 924 965 longi
944 911 1125 953 itineris
1148 910 1371 959 laborem,

43 966 410 1008 instaurabamus
425 978 508 1007 nos
521 966 819 1020 navigationi.
853 967 1240 1021 Colloquebamur
1258 979 1370 1020 ergo

46 1023 137 1064 soli
158 1023 291 1064 valde
311 1023 526 1073 dulciter,
553 1027 598 1063 et
613 1024 865 1076 praeterita
889 1024 1234 1074 obliviscentes,
1252 1024 1299 1063 in
1320 1035 1375 1063 ea

47 1091 163 1133 quae
187 1084 291 1119 ante
315 1084 420 1119 sunt
444 1079 637 1129 extenti,
664 1081 993 1134 quaerebamus
1011 1081 1132 1121 inter
1149 1092 1233 1120 nos
1254 1080 1374 1133 apud

44 1142 334 1190 praesentem
351 1136 605 1185 veritatem,
622 1136 745 1190 quod
760 1141 811 1177 tu
828 1149 893 1187 es,
913 1138 1060 1191 qualis
1079 1136 1234 1178 futura
1250 1142 1376 1177 esset

45 1192 141 1232 vita
162 1197 350 1231 aeterna
372 1197 654 1242 sanctorum,
681 1205 814 1247 quam
835 1205 920 1234 nec
945 1194 1106 1234 oculus
1128 1193 1266 1244 vidit,
1290 1205 1374 1232 nec

49 1250 171 1288 auris
190 1248 381 1298 audivit,
401 1261 485 1288 nec
501 1248 548 1287 in
568 1260 647 1288 cor
667 1248 863 1290 hominis
883 1249 1137 1290 adscendit.
1201 1248 1292 1291 Sed
1310 1249 1374 1288 in-

46 1303 282 1344 hiabamus
317 1316 395 1344 ore
430 1304 583 1344 cordis
611 1306 658 1344 in
690 1317 887 1358 superna
917 1304 1090 1346 fluenta
1120 1304 1263 1345 fontis
1290 1306 1374 1353 tui,

46 1359 189 1400 fontis
208 1360 344 1409 vitae,
365 1360 441 1413 qui
461 1365 531 1399 est
550 1361 668 1413 apud
685 1365 746 1410 te,
767 1367 816 1400 ut
833 1360 939 1401 inde
957 1373 1039 1414 pro
1060 1366 1195 1415 captu
1211 1366 1372 1400 nostro

48 1416 258 1468 adspersi
303 1427 485 1470 quoquo
529 1416 666 1456 modo
705 1428 803 1457 rem
837 1421 1012 1457 tantam
1048 1418 1373 1471 cogitaremus.

49 1473 248 1525 Cumque
269 1471 326 1511 ad
345 1483 447 1511 eum
462 1471 598 1511 finem
615 1484 764 1512 sermo
785 1472 1133 1526 perduceretur,
1152 1478 1203 1514 ut
1221 1484 1376 1513 carna-

46 1528 157 1567 lium
184 1540 398 1567 sensuum
422 1527 670 1568 delectatio
697 1529 1001 1582 quantalibet,
1025 1532 1072 1570 in
1091 1529 1378 1583 quantalibet

46 1585 148 1624 luce
169 1596 413 1637 corporea,
431 1595 540 1636 prae
559 1584 684 1624 illius
703 1585 824 1625 vitae
842 1585 1128 1626 iocunditate
1147 1599 1238 1626 non
1257 1598 1377 1626 com-

43 1641 304 1694 paratione,
324 1640 479 1680 sedne
500 1642 935 1682 commemoratione
957 1642 1140 1696 quidem
1159 1642 1297 1696 digna
1313 1643 1376 1681 vi-

47 1697 250 1747 deretur3
272 1696 502 1750 erigentes
514 1709 598 1737 nos
615 1697 879 1738 ardentiore
893 1698 1078 1739 adfectu
1091 1701 1138 1740 in
1151 1699 1197 1738 id
1213 1700 1375 1752 ipsum,

46 1752 457 1806 perambulavimus
505 1754 733 1806 gradatim
782 1761 947 1794 cuncta
995 1756 1277 1808 corporalia,
1332 1760 1377 1795 et

45 1811 194 1861 ipsum
210 1808 401 1858 coelum,
418 1809 536 1849 unde
550 1810 622 1850 sol
635 1816 680 1850 et
696 1811 803 1851 luna
822 1816 867 1851 et
885 1811 1047 1851 stellae
1066 1812 1222 1852 lucent
1240 1823 1378 1865 super

46 1872 229 1904 terram.
288 1864 346 1904 Et
372 1863 520 1905 adhuc
543 1865 933 1908 adscendebamus
957 1869 1151 1909 interius
1171 1868 1376 1922 cogitan-

48 1921 104 1960 do
131 1925 177 1959 et
194 1920 423 1973 loquendo
436 1951 447 1970 ,
473 1929 518 1961 et
535 1923 740 1963 mirando
763 1935 903 1976 opera
918 1930 1017 1975 tua,
1044 1930 1090 1965 et
1106 1925 1311 1964 venimus
1329 1923 1376 1961 in

43 1981 218 2017 mentes
244 1981 447 2026 nostras,
473 1982 518 2016 et
558 1980 920 2020 transcendimus
958 1993 1056 2031 eas,
1095 1985 1145 2021 ut
1178 1981 1382 2032 adtinge-

45 2045 196 2072 remus
218 2033 459 2086 regionem
494 2032 716 2076 ubertatis
757 2035 1085 2087 indeficientis,
1130 2037 1209 2077 ubi
1231 2035 1381 2089 pascis

46 2088 192 2128 lsrael
208 2089 255 2127 in
273 2094 508 2129 aeternum
524 2091 732 2132 veritatis
744 2093 928 2145 pabulo,
945 2104 990 2134 et
1003 2095 1083 2134 ubi
1095 2095 1189 2133 vita
1203 2093 1380 2145 sapien-

48 2145 118 2184 tia
139 2148 221 2193 est,
242 2156 322 2197 per
341 2158 473 2198 quam
491 2145 603 2185 fiunt
623 2148 774 2188 onmia
790 2148 894 2199 ista,
915 2155 962 2189 et
979 2162 1094 2203 quae
1113 2148 1313 2197 fuerunt,
1335 2152 1381 2186 et

53 2212 172 2253 quae
196 2199 351 2240 futura
373 2206 497 2252 sunt;
531 2206 576 2241 et
599 2203 698 2257 ipsa
721 2216 811 2244 non
834 2205 904 2254 fit,
929 2207 1011 2246 sed
1034 2206 1100 2247 sic
1125 2210 1194 2244 est
1212 2209 1261 2243 ut
1276 2203 1377 2251 fuit,
