1514 2438
293 118 832 162 CONFESSIONUM
862 116 1071 157 LIBER
1101 115 1160 156 ll.
1340 110 1392 153 2¹3

73 207 357 248 committere
371 205 497 246 illam
515 204 820 257 iniquitatem,
838 215 926 257 qua
943 201 1230 255 pervenirem
1248 197 1305 238 ad
1322 210 1399 238 vo·

71 265 291 317 luptatem
317 273 484 312 meam3
517 272 602 300 nec
628 259 963 300 confricatione
994 257 1283 298 consciorum
1309 255 1402 294 ani-

70 332 247 361 morum
274 317 573 359 accenderem
599 316 821 369 pruritum
848 314 1112 368 cupiditatis
1130 324 1275 352 meae.
1309 311 1402 352 Sed

73 377 286 430 quoniam
300 376 346 415 in
365 374 458 414 illis
470 372 616 427 pomis
627 373 839 424 voluptas
859 369 971 410 mihi
990 382 1081 410 non
1102 374 1213 418 erat,
1236 380 1289 408 ea
1303 373 1403 406 erat

72 433 119 474 in
154 433 253 487 ipso
290 430 522 481 facinore,
563 441 696 483 quam
723 427 927 469 faciebat
954 425 1235 467 consortium
1264 423 1402 464 simul

72 489 371 542 peccantium.

159 546 206 585 C.
237 545 313 584 lX.
348 542 468 592 Quid
489 546 586 582 erat
604 541 683 581 ille
704 539 913 581 adfectus
938 538 1103 578 animi?
1125 538 1259 578 Certe
1281 536 1400 575 enim

77 602 207 654 plane
234 601 381 654 turpis
409 604 508 638 erat
530 598 688 648 nimis3
723 602 768 637 et
785 609 867 636 vae
886 594 997 635 mihi
1019 600 1137 643 erat,
1168 594 1244 647 qui
1265 591 1401 632 habe·

72 658 175 699 bam
194 657 337 698 illum.
380 655 471 697 Sed
490 660 640 695 tamen
658 653 766 707 quid
787 652 911 693 erat?
942 651 1128 691 Delicta
1151 650 1250 703 quis
1270 649 1402 688 intel-

72 713 206 768 ligit'e
235 714 370 754 Risus
399 716 498 752 erat
518 710 648 764 quasi
665 709 854 750 titillato
881 708 1019 749 corde
1034 738 1044 757 ,
1072 706 1194 760 quod
1213 705 1401 746 falleba-

74 783 174 811 mus
201 782 306 819 eos,
336 768 411 822 qui
431 766 546 807 haec
566 766 743 807 anobis
765 765 862 806 fieri
885 777 975 804 non
994 763 1215 816 putabant
1229 793 1238 811 ,
1267 766 1312 801 et
1330 773 1402 801 ve-

75 825 314 867 hementer
332 824 564 865 nolebant.
607 822 696 862 Cur
716 834 828 876 ergo
852 834 906 861 eo
924 833 995 860 me
1016 818 1290 866 delectabat,
1313 829 1400 870 quo

75 883 122 924 id
149 895 240 923 non
269 881 496 923 faciebam
524 877 680 920 solus'}
708 879 774 919 An
800 878 906 931 quia
936 877 1073 917 etiam
1102 887 1234 914 nemo
1264 873 1402 913 facile

79 939 206 980 solus
235 937 385 978 ridet‘}
413 935 559 977 Nemo
587 933 770 989 quidem
798 933 959 983 facile3
993 932 1074 973 sed
1093 936 1245 971 tamen
1267 930 1403 969 etiam

79 997 206 1036 solos
227 1000 272 1035 et
289 994 494 1047 singulos
515 991 723 1032 homines
737 1022 747 1041 ,
778 1003 878 1031 cum
898 990 1014 1030 alius
1033 1000 1166 1028 nemo
1186 997 1405 1040 praesens

81 1057 165 1101 est,
180 1051 321 1091 vincit
338 1051 457 1090 risus
478 1047 741 1102 aliquando,
756 1048 795 1087 si
812 1046 985 1100 aliquid
1004 1045 1142 1084 nimie
1162 1043 1406 1083 ridiculum

78 1108 153 1148 vel
172 1107 381 1147 sensibus
403 1106 625 1155 occurrit,
647 1104 721 1144 vel
740 1104 904 1143 animo.
965 1103 1022 1143 At
1042 1113 1128 1155 ego
1149 1099 1263 1140 illud
1282 1099 1407 1139 solus

78 1177 169 1204 non
184 1163 504 1213 facerem,non
522 1161 723 1202 facerem
740 1160 923 1200 omnino
945 1158 1088 1199 solus.
1109 1157 1229 1196 Ecce
1252 1161 1322 1195 est
1335 1168 1408 1195 co-

78 1232 175 1260 ram
193 1219 389 1270 te,Deus
402 1231 546 1269 meus,
560 1218 663 1257 riva
682 1216 944 1257 recordatio
964 1215 1142 1255 animae
1160 1225 1305 1253 meae.
1328 1211 1409 1251 So-

79 1276 151 1317 lus
170 1289 262 1316 non
283 1275 484 1316 facerem
504 1274 673 1314 furtum
691 1273 829 1323 illud,
856 1273 903 1312 in
924 1284 1012 1325 quo
1034 1283 1105 1311 me
1126 1282 1216 1309 non
1236 1267 1411 1308 libebat

79 1332 128 1373 id
148 1332 270 1386 quod
288 1331 490 1381 furabar,
505 1330 587 1371 sed
607 1331 713 1384 quia
731 1329 938 1379 furabar,
962 1327 1082 1381 quod
1096 1338 1168 1366 me
1184 1325 1330 1365 solum
1346 1323 1411 1362 fa-

82 1400 186 1428 cere
206 1400 394 1441 prorsus
413 1399 505 1427 non
523 1386 713 1436 liberet,
732 1398 817 1426 nec
835 1385 1051 1425 facerem.
1116 1383 1151 1421 Ο
1174 1381 1307 1420 nimis
1327 1380 1411 1418 ini-

81 1445 201 1484 mica
214 1445 430 1494 amicitia,
445 1443 652 1484 seductio
672 1442 839 1482 mentis
861 1438 1212 1492 investigabilis,
1228 1449 1283 1476 ex
1302 1435 1410 1476 ludo

85 1507 131 1541 et
149 1502 254 1541 ioco
276 1500 473 1541 nocendi
496 1499 716 1549 aviditas,
751 1503 797 1537 et
822 1497 957 1536 alieni
989 1495 1137 1535 damni
1162 1493 1410 1546 adpetitus,

83 1557 209 1597 nulla
220 1557 333 1597 lucri
347 1557 451 1606 mei,
462 1556 589 1596 nulla
599 1553 851 1595 ulciscendi
864 1552 1074 1602 libidine3
1098 1550 1176 1591 sed
1191 1562 1291 1590 cum
1305 1547 1414 1587 dici-

82 1619 177 1654 tur:
200 1612 676 1662 eamus,faciamus,et
694 1611 836 1664 pudet
854 1622 943 1649 non
966 1621 1066 1649 esse
1082 1603 1412 1660 impudentem!

170 1670 218 1710 C.
246 1669 301 1709 X.
350 1670 462 1718 Quis
484 1668 692 1721 exaperit
709 1668 841 1707 istam
860 1664 1250 1706 tortmisissimam
1270 1665 1316 1702 et
1335 1661 1414 1699 im-

84 1726 430 1779 plicatissimam
449 1723 789 1765 nodositatem?
816 1721 976 1763 Foeda
997 1727 1086 1771 est,
1119 1719 1226 1759 nolo
1245 1719 1292 1757 in
1316 1729 1413 1756 eam

86 1783 347 1831 intendere,
367 1782 476 1822 nolo
500 1794 599 1822 eam
617 1780 789 1820 videre.
850 1779 918 1818 'l'e
939 1778 1044 1817 volo
1059 1809 1068 1827 ,
1089 1776 1267 1816 iustitia
1287 1780 1333 1814 et
1351 1775 1415 1812 in·

87 1839 316 1888 nocentia,
353 1837 544 1892 pulchra
572 1843 618 1878 et
647 1837 817 1877 decora
835 1833 1044 1874 honestis
1073 1832 1341 1878 luminibus,
1371 1834 1417 1868 et

86 1895 339 1935 insatiabili
376 1896 605 1934 satietate.
668 1893 842 1941 Quies
876 1896 963 1932 est
989 1889 1128 1944 apud
1155 1894 1208 1928 te
1234 1886 1415 1933 valde,

90 1957 144 1992 et
168 1952 284 1991 vita
308 1949 824 2004 imperturbabilis.
888 1947 977 1999 Qui
1008 1947 1150 1986 intrat
1176 1945 1225 1984 in
1253 1949 1322 1992 te,
1352 1942 1416 1980 in-

87 2013 181 2047 trat
204 2009 248 2047 in
276 2007 494 2061 gaudium
518 2006 708 2046 Domini
733 2005 827 2056 sui3
862 2009 909 2043 et
936 2016 1027 2043 non
1047 2001 1249 2050 timebit,
1277 2004 1322 2039 et
1342 1996 1417 2036 ha-

88 2063 216 2104 bebit
243 2076 290 2103 se
323 2063 492 2117 optime
518 2064 564 2102 in
594 2062 781 2116 optimo.
841 2058 1028 2099 Dessuxi
1052 2058 1131 2098 abs
1159 2063 1204 2097 te
1233 2068 1345 2109 eg0‚
1377 2062 1422 2091 et

92 2121 259 2169 erravi,
294 2119 418 2159 Deus
445 2132 597 2169 meus,
625 2118 759 2158 nimis
785 2116 943 2156 devius
964 2129 989 2154 a
1009 2114 1259 2155 stabilitate
1281 2117 1358 2150 tua
1375 2109 1419 2147 in

94 2176 428 2225 adolescentia,
461 2182 506 2215 et
532 2175 682 2215 factus
712 2185 809 2213 sum
833 2170 944 2213 mihi
971 2171 1102 2225 regio
1127 2167 1363 2223 egestatis.
