1473 2443
99 126 177 168 168
421 125 695 169 AURELII
722 127 1095 171 AUGUSTINI

95 212 254 251 mitum
285 210 406 251 vitae
436 223 580 252 meae.
638 212 702 253 Hi
734 217 837 253 sunt
869 214 991 254 servi
1019 215 1087 255 tui
1117 212 1283 255 fratres
1307 214 1411 264 mei,

97 280 211 321 quos
230 266 350 308 filios
375 271 479 307 tuos
499 279 600 308 esse
614 269 821 319 voluisti,
847 268 1055 310 dominos
1073 282 1200 310 meos
1214 301 1226 321 ‚
1250 271 1412 324 quibus

95 323 274 363 iussisti
297 327 347 362 ut
369 323 583 373 serviam,
617 325 658 365 si
677 324 784 364 volo
808 330 959 366 tecum
982 325 1037 366 de
1062 330 1107 366 te
1131 328 1298 366 vivere.
1356 326 1416 365 Et

99 378 186 419 hoe
202 376 315 419 mihi
331 378 438 418 verb
446 392 517 418 um
532 383 658 419 tuum
674 393 831 433 parum
849 386 961 431 erat,
981 383 1021 421 si
1037 382 1268 435 loquendo
1285 392 1415 435 prae-

99 436 291 487 ciperet,
315 434 405 473 nisi
431 440 476 474 et
496 433 709 476 faciendo
728 438 940 489 praeiret.
999 437 1056 476 Et
1075 448 1161 490 ego
1181 437 1227 477 id
1245 449 1332 490 ago
1352 436 1416 476 fa-

90 491 182 531 etis
208 497 254 529 et
278 489 433 539 dictis,
460 490 507 529 id
532 503 619 544 ago
648 491 729 531 sub
755 492 838 532 alis
860 493 951 532 tuis
974 493 1106 532 nimis
1126 505 1226 532 cum
1241 492 1419 546 ingenti

96 545 318 599 periculo,
338 547 424 586 nisi
444 547 549 598 quia
567 546 648 586 sub
668 547 752 587 alis
770 549 860 587 tuis
878 548 965 587 tibi
982 548 1164 588 subdita
1185 553 1254 588 est
1271 548 1420 587 anima

97 613 219 651 mea,
243 605 289 640 et
310 601 548 642 infirmitas
571 614 672 642 mea
687 603 772 643 tibi
789 608 899 643 nota
915 608 999 643 est.
1059 603 1280 643 Parvulus
1300 616 1417 652 sum;

98 657 180 697 sed
208 656 320 697 vivit
351 669 529 709 semper
560 658 690 711 paker
721 671 869 708 meus,
905 664 950 698 et
980 658 1174 699 idoneus
1208 663 1277 698 est
1308 657 1420 698 mihi

97 718 223 752 tutor
253 723 395 752 meus.
456 713 582 753 ldem
610 715 708 767 ipse
744 719 816 754 est
848 714 968 753 enim
995 714 1071 767 qui
1097 715 1255 768 genuit
1275 726 1347 754 me
1374 718 1420 754 et

97 773 251 808 tuetur
266 779 358 817 me3
391 773 437 807 et
454 770 617 821 tuipse
638 781 686 809 es
707 771 858 810 omnia
872 769 994 809 bona
1011 782 1131 819 mea,
1148 774 1199 809 tu
1219 769 1418 821 omnipo-

97 830 222 872 tens,
248 823 323 875 qui
347 835 522 863 meeum
541 837 611 875 es,
637 830 682 864 et
697 826 960 878 priusquam
975 830 1127 865 tecum
1146 827 1242 865 sim.
1301 824 1418 864 Indi-

100 877 212 918 cabo
247 889 357 931 ergo
390 879 581 929 talibus,
617 881 826 934 qualibus
848 881 979 921 iubes
1003 886 1053 920 ut
1078 881 1294 930 serviam,
1326 892 1420 920 non

99 934 199 987 quis
217 932 396 984 fuerim,
409 935 491 974 sed
509 936 607 987 quis
625 938 715 976 iam
730 936 829 985 sim,
850 940 895 976 et
913 937 1013 990 quis
1033 935 1178 977 adhue
1197 937 1295 977 sim.
1329 934 1420 977 Sed

98 1001 246 1042 neque
265 1001 335 1029 me
352 991 500 1042 ipsum
519 991 735 1031 diiudico.
797 991 873 1032 Sic
892 992 1046 1045 itaque
1065 992 1238 1032 audiar.

181 1044 230 1083 C.
253 1043 308 1085 V.
368 1047 440 1085 Tu
458 1046 590 1096 enim,
609 1045 821 1096 Domine,
842 1047 1064 1087 dijudicas
1083 1060 1167 1096 me,
1189 1048 1294 1100 quia
1312 1049 1418 1087 etsi

96 1111 244 1139 nemo
276 1101 381 1140 scit
409 1099 697 1151 hominum,
730 1114 862 1155 quae
888 1108 1007 1142 sunt
1030 1101 1283 1152 hominis,
1313 1102 1420 1142 nisi

98 1156 320 1208 spiritus
358 1155 608 1206 hominiS,
651 1159 737 1212 qui
765 1160 820 1198 in
847 1159 966 1211 ipso
995 1163 1093 1207 est,
1133 1164 1309 1198 tamen
1340 1163 1421 1198 est

98 1211 307 1264 aliquid
335 1210 584 1262 hominis,
620 1214 759 1267 quod
789 1226 887 1254 nec
916 1215 1029 1267 ipse
1061 1215 1162 1254 scit
1191 1214 1418 1268 spiritus

97 1267 347 1318 hominis,
377 1269 463 1322 qui
488 1269 542 1308 in
564 1270 681 1322 ipso
707 1274 801 1310 est.
861 1270 939 1310 Tu
961 1275 1153 1320 autem,
1177 1269 1418 1319 Domine,

99 1325 207 1364 scis
247 1325 359 1364 eius
400 1325 594 1375 omnia,
641 1325 728 1378 qui
765 1324 954 1366 fecisti
993 1338 1118 1366 eum.
1176 1326 1276 1379 Ego
1308 1337 1418 1364 vero

101 1382 302 1433 quamvis
327 1391 433 1433 prae
457 1385 537 1420 tuo
561 1386 810 1434 conspeetu
831 1393 902 1421 me
929 1381 1198 1434 despiciam,
1223 1386 1268 1421 et
1285 1381 1419 1421 aesti-

100 1448 218 1475 mem
234 1448 303 1476 me
322 1442 491 1476 terram
510 1441 554 1476 et
574 1437 787 1487 cinerem,
805 1443 959 1477 tamen
976 1438 1147 1490 aliquid
1167 1437 1220 1477 de
1240 1442 1285 1476 te
1304 1436 1417 1486 scio,

101 1492 222 1545 quod
247 1492 301 1531 de
323 1504 394 1531 me
413 1493 587 1532 nescio,
645 1493 704 1532 Et
723 1497 846 1533 certe
865 1505 981 1533 nunc
999 1494 1203 1533 videmus
1221 1504 1302 1546 per
1320 1504 1419 1544 spe·

102 1547 251 1589 culum
267 1548 313 1587 in
333 1549 605 1601 aenigmate,
618 1548 818 1591 nondum
834 1548 953 1588 facie
972 1549 1029 1589 ad
1045 1548 1228 1599 faciem3
1249 1553 1295 1588 et
1311 1548 1417 1587 ideo

100 1615 232 1656 quam
265 1603 341 1645 diu
370 1604 642 1657 peregrinor
674 1604 753 1644 abs
777 1609 845 1654 te,
879 1603 991 1645 mihi
1014 1617 1111 1644 sum
1133 1603 1420 1657 praesentior

102 1671 234 1710 quam
251 1659 349 1708 tibi,
365 1664 410 1698 et
426 1663 578 1699 tamen
595 1663 640 1699 te
658 1660 766 1699 novi
783 1659 908 1699 nullo
929 1660 1064 1699 modo
1083 1670 1220 1712 posse
1237 1658 1417 1699 violari.

99 1713 199 1765 Ego
219 1726 326 1754 vero
348 1715 509 1767 quibus
528 1715 858 1756 tentationibus
876 1716 1093 1755 resistere
1115 1714 1302 1763 valeam,
1323 1714 1417 1767 qui-

96 1768 237 1809 busve
262 1782 353 1809 non
374 1770 570 1819 valeam,
596 1771 768 1810 nescio.
826 1770 885 1810 Et
908 1782 1011 1822 spes
1032 1775 1119 1819 est,
1145 1771 1250 1824 quia
1267 1769 1417 1810 fidelis

99 1836 167 1873 es,
202 1825 277 1877 qui
308 1837 390 1864 nos
424 1837 515 1865 non
539 1825 649 1868 sinis
673 1826 843 1865 tentari
863 1838 998 1878 supra
1022 1838 1153 1879 quam
1176 1837 1416 1879 possumus

97 1878 241 1929 ferre;
273 1880 354 1919 sed
371 1879 485 1919 facis
505 1891 605 1920 eum
618 1883 871 1921 tentatione
892 1882 1027 1923 etiam
1046 1882 1231 1931 exitum,
1248 1886 1298 1921 ut
1313 1892 1417 1934 pos-

97 1935 235 1975 simus
254 1936 492 1975 sustinere.
514 1936 553 1984 (1
577 1936 678 1975 Cor.
700 1938 764 1985 10,
786 1936 871 1986 13.)
933 1937 1163 1977 Confitear
1180 1949 1289 1990 ergo
1309 1935 1414 1988 quid

100 1990 154 2029 de
172 2002 242 2029 me
261 1991 414 2039 sciam,
435 1990 654 2030 confitear
672 1996 717 2031 et
735 1991 842 2044 quid
861 1991 915 2031 de
934 2004 1004 2032 me
1023 1993 1243 2042 nesciam3
1276 2004 1416 2044 quon-

99 2047 190 2085 iam
208 2050 253 2085 et
270 2046 390 2098 quod
409 2045 463 2085 de
481 2058 552 2086 me
571 2048 683 2096 sciO,
703 2051 747 2086 te
766 2045 878 2088 mihi
894 2047 1075 2088 lucente
1094 2048 1210 2098 sci03
1231 2052 1277 2087 et
1294 2045 1417 2099 quod

101 2101 157 2141 de
172 2113 242 2141 me
267 2103 445 2152 neseio,
480 2106 573 2142 tam
593 2102 669 2143 diu
691 2103 869 2152 neseio,
895 2103 1040 2144 donec
1067 2103 1178 2143 fiant
1198 2103 1415 2142 tenebrae

100 2169 228 2197 meae
249 2157 368 2197 sicut
383 2158 597 2198 meridies
616 2158 662 2198 in
682 2157 811 2198 vultu
827 2164 924 2199 tuo.

185 2213 230 2253 C.
255 2212 331 2254 Vl.
390 2212 492 2253 Non
506 2213 656 2265 dubia,
669 2213 750 2254 sed
763 2218 887 2254 certa
899 2212 1415 2264 conscientia‚Domine‚
