1514 2438
264 146 811 191 CONFESSIONUM
840 148 1045 191 LIBER
1074 149 1156 191 IX.
1292 151 1370 190 143

45 233 250 274 volebas.
285 231 376 274 Sed
389 233 467 274 ubi
486 238 583 274 erat
598 238 692 274 tam
709 247 883 275 annoso
901 240 1124 288 tempore,
1143 239 1187 275 et
1206 235 1261 275 de
1281 248 1370 288 quo

46 291 138 330 imo
166 290 350 343 altoque
375 295 555 330 secreto
581 296 821 331 evocatum
845 296 914 331 est
937 292 984 332 in
1006 296 1235 332 momento
1258 291 1370 332 libe-

49 358 148 386 rum
180 347 418 386 arbitrium
449 358 618 397 meum,
653 360 740 400 quo
767 348 1011 389 subderem
1033 350 1258 389 cervicem
1280 348 1375 388 leni

48 404 159 455 iugo
173 406 271 452 tuo,
290 407 335 442 et
350 400 562 443 humeros
579 402 673 442 levi
690 406 895 444 sarcinae
913 409 1035 454 tuae,
1053 403 1233 444 Christe
1254 403 1372 451 Iesu,

50 459 233 498 adiutor
258 470 403 508 meus,
429 463 474 498 et
497 459 729 499 redemtor
751 460 905 500 meus'}
937 460 1081 509 Quam
1104 472 1240 500 suave
1265 458 1377 500 mihi

50 515 203 554 subito
230 513 401 555 factum
428 520 520 564 est,
555 528 711 555 carere
737 517 1038 557 suavitatibus
1064 529 1305 570 nugarum,
1331 521 1377 555 et

51 583 162 624 quas
187 570 396 610 amittere
421 577 567 611 metus
590 570 761 621 fuerat,
791 574 880 613 iam
907 573 1135 613 dimittere
1162 572 1378 626 gaudium

52 626 169 666 erat!
195 626 426 667 Eiiciebas
447 628 566 668 enim
584 640 660 668 eas
681 641 706 668 a
723 641 809 678 me,
829 641 937 669 vera
953 634 1003 669 tu
1022 633 1067 669 et
1086 641 1260 669 summa
1278 641 1376 668 sua-

50 684 191 733 vitas,
218 683 458 734 efficiebas,
484 689 528 724 et
549 684 752 725 intrabas
777 698 858 738 pro
885 687 966 736 eis,
994 685 1116 725 omni
1140 685 1377 738 voluptate

52 738 246 790 dulcior,
265 739 348 780 sed
365 752 456 780 non
474 741 599 781 carni
617 745 663 780 et
681 742 911 795 sanguini;
933 743 1055 782 omni
1071 742 1172 782 luce
1193 741 1377 791 clarior,

50 795 133 836 sed
167 796 290 836 omni
322 800 502 837 secreto
528 797 742 849 interior3
776 800 898 838 omni
925 796 1099 837 honore
1124 797 1377 846 sublimior,

52 851 135 892 sed
166 864 260 893 non
293 853 563 893 sublimibus
596 854 642 893 in
674 866 737 894 se.
799 853 890 894 Iam
923 854 1041 894 liber
1073 858 1171 894 erat
1204 854 1378 893 animus

51 919 178 948 meus
215 921 242 948 a
263 910 383 948 curis
415 909 705 951 mordacibus
738 910 985 959 ambiendi,
1022 914 1067 949 et
1091 909 1378 963 adquirendi,

55 969 100 1004 et
124 963 382 1013 volutandi,
409 969 544 1018 atque
569 966 805 1019 scalpendi
823 967 1023 1007 scabiem
1040 966 1301 1006 libidinum:
1334 971 1380 1004 et

53 1020 310 1074 garriebam
327 1021 431 1071 tibi,
455 1021 654 1062 claritati
668 1035 794 1062 meae
807 1053 817 1073 ,
838 1028 882 1063 et
902 1022 1075 1063 divitiis
1091 1023 1203 1063 meis
1215 1052 1226 1067 ,
1247 1027 1292 1061 et
1310 1034 1380 1061 sa-

52 1077 138 1117 luti
154 1088 298 1127 meae,
317 1076 514 1118 Domino
534 1077 634 1118 Deo
656 1091 774 1119 meo.

140 1133 188 1173 C.
213 1132 268 1174 II.
327 1133 386 1172 Et
412 1134 583 1187 placuit
610 1133 721 1175 mihi
742 1137 789 1175 in
813 1139 1065 1189 conspectu
1089 1140 1169 1175 tuo
1195 1147 1286 1175 non
1311 1141 1380 1175 tu-

52 1189 280 1230 multuose
293 1189 516 1243 abripere,
528 1191 609 1231 sed
620 1192 787 1231 leniter
797 1190 1066 1232 subtrahere
1077 1192 1382 1232 ministerium

52 1246 237 1300 linguae
255 1258 382 1286 meae
401 1247 612 1288 nundinis
631 1248 941 1302 loquacitatis,
962 1260 1017 1288 ne
1036 1248 1230 1288 ulterius
1251 1246 1380 1301 pueri

53 1302 329 1343 meditantes
355 1315 447 1342 non
469 1302 621 1357 legem
642 1309 789 1353 tuam,
824 1316 915 1347 non
938 1317 1098 1356 pacem
1123 1309 1271 1353 tuam,
1298 1303 1381 1343 sed

53 1360 257 1399 insanias
280 1359 525 1399 mendaces
553 1365 598 1399 et
621 1360 745 1400 bella
769 1359 976 1400 forensia
991 1364 1307 1400 mercarentur
1326 1371 1383 1400 ex

62 1426 141 1455 ore
174 1426 275 1454 meo
310 1427 436 1454 arma
468 1413 617 1455 furori
641 1428 740 1456 suo.
800 1416 859 1455 Et
883 1421 1137 1469 opportune
1162 1417 1253 1456 iam
1276 1427 1382 1468 pau-

54 1470 228 1512 cissimi
247 1470 344 1510 dies
363 1476 633 1523 supererant
657 1471 715 1511 ad
732 1472 1028 1512 vindemiales
1047 1471 1209 1522 ferias3
1243 1472 1379 1511 statui

52 1527 254 1567 tolerare
271 1527 394 1576 illos,
412 1531 461 1566 ut
479 1527 746 1568 solemniter
761 1528 1070 1577 abscederem,
1088 1533 1133 1567 et
1150 1527 1382 1567 redemtus

55 1597 81 1624 a
103 1588 150 1623 te
173 1584 265 1624 iam
289 1595 381 1623 non
405 1584 604 1624 redirem
634 1585 824 1625 venalis.
887 1584 1138 1625 Consilium
1174 1595 1284 1637 ergo
1304 1595 1383 1623 no-

55 1645 199 1680 strum
231 1644 330 1679 erat
362 1652 516 1680 coram
548 1645 617 1690 te,
652 1653 805 1681 coram
829 1639 1089 1681 hominibus
1118 1645 1268 1680 autem
1294 1639 1385 1679 nisi

54 1697 226 1736 nostris
244 1708 334 1735 non
354 1701 466 1737 erat.
512 1696 570 1736 Et
588 1702 864 1738 convenerat
883 1699 1003 1737 inter
1020 1709 1120 1745 nos,
1139 1708 1195 1736 ne
1214 1696 1384 1749 passim

56 1753 266 1805 cuiquam
285 1750 618 1803 effunderetur3
652 1766 922 1807 quamquam
941 1758 990 1793 tu
1006 1753 1139 1793 nobis
1158 1765 1185 1793 a
1202 1752 1384 1793 conval-

55 1808 100 1848 le
126 1808 400 1860 plorationis
428 1809 836 1859 adscendentibus,
865 1815 910 1850 et
935 1809 1223 1850 cantantibus
1243 1808 1381 1849 canti-

58 1877 159 1904 cum
177 1863 417 1917 graduum,
453 1865 645 1906 dederas
667 1867 858 1920 sagittas
879 1870 1058 1915 acutas,
1087 1870 1132 1905 et
1159 1864 1382 1905 carbones

53 1925 315 1960 vastatores
335 1920 554 1961 adversus
574 1922 777 1976 linguam
795 1922 1059 1972 subdolam,
1079 1921 1205 1961 velut
1223 1933 1384 1961 consu-

55 1976 193 2016 lendo
219 1977 634 2028 contradicentem,
662 1983 707 2018 et
731 1979 850 2019 sicut
867 1979 1016 2018 cibum
1038 1977 1218 2018 adsolet
1236 1989 1385 2017 aman-

59 2033 117 2073 do
145 2038 504 2073 consumentem.
567 2033 879 2087 sagittaveras
903 2039 953 2074 tu
978 2046 1058 2074 cor
1084 2039 1289 2073 nostrum
1315 2044 1385 2072 ca·

56 2089 193 2128 ritate
211 2093 311 2138 tua,
338 2094 384 2128 et
401 2090 693 2142 gestabamus
714 2091 853 2131 verba
869 2096 948 2131 tua
965 2090 1184 2130 transfixa
1202 2088 1386 2128 visceri·

58 2144 167 2194 bus;
201 2149 247 2184 et
279 2146 490 2198 exempla
523 2157 760 2186 servorum
783 2152 988 2197 tuorum,
1023 2157 1137 2199 quos
1164 2145 1218 2184 de
1242 2143 1386 2197 nigris

58 2199 240 2242 lucidos
254 2231 264 2250 ,
292 2205 338 2239 et
364 2203 418 2242 de
437 2202 630 2241 mortuis
648 2203 778 2243 vivos
797 2202 975 2242 feceras
988 2232 999 2252 ‚
1025 2206 1247 2253 congesta
1263 2198 1310 2238 in
1329 2200 1386 2238 si-

62 2269 169 2298 num
202 2258 500 2311 cogitationis
535 2262 721 2301 nostrae
753 2258 969 2308 urebant,
1013 2262 1059 2298 et
1091 2254 1389 2297 absumebant
