1473 2443
100 110 179 149 258
423 107 695 148 AURELII
722 105 1084 149 AUGUSTINI

99 195 189 234 nisi
211 205 291 246 per
313 193 434 232 idem
456 192 643 232 ⁴verbum
667 195 1010 231 converteretur
1033 189 1088 230 ad
1112 189 1253 240 idem,
1277 202 1303 230 a
1323 202 1410 244 quo

97 249 220 289 facta
243 254 333 297 est,
359 254 492 301 atque
517 249 571 288 ab
593 260 647 287 eo
668 247 920 287 illuminata
936 247 1015 286 lux
1032 246 1183 296 fieret,
1211 247 1412 301 quamvis

98 317 191 344 non
205 304 473 358 aequaliter,
486 308 637 343 tamen
653 302 899 342 conformis
918 301 1093 342 formae
1106 302 1285 355 aequali
1304 301 1413 342 tibis.l

98 361 227 401 Sicut
244 360 364 399 enim
383 359 567 412 corpori
584 371 675 398 non
695 357 781 398 hoc
799 363 868 398 est
887 370 1007 407 esse,
1036 358 1156 410 quod
1175 356 1410 411 pulchrum

98 427 219 465 esse,
254 415 457 468 alioquin
492 413 697 454 deforme
727 425 827 454 esse
859 425 949 453 non
972 418 1151 466 posset:
1185 414 1250 453 ita
1274 414 1411 453 etiam

98 476 252 511 creato
277 471 459 523 spiritui
482 482 572 509 non
598 469 646 510 id
671 475 741 509 est
766 470 939 518 vivere,
964 468 1084 522 quod
1103 469 1333 521 sapienter
1350 469 1411 507 vi-

97 539 224 577 vere,
268 527 472 580 alioquin
511 525 945 565 incommutabiliter
981 529 1175 576 saperet.
1234 524 1410 563 Bonum

98 587 249 623 autem
270 582 339 622 illi
358 587 428 622 est
445 580 634 621 haerere
651 581 736 620 tibi
753 592 952 632 semper,
976 591 1031 618 ne
1044 610 1054 628 ,
1080 579 1200 632 quod
1219 579 1410 631 adeptus

99 644 169 679 est
188 638 509 687 conversione,
533 637 771 676 aversione
791 636 941 675 lumen
960 635 1156 684 amittat,
1176 640 1221 675 et
1237 635 1411 674 relaba-

96 700 170 734 tur
200 694 247 733 in
279 694 419 733 vitam
450 692 724 733 tenebrosae
757 691 1166 744 abyssosimilem.
1225 689 1338 730 Nam
1366 695 1412 729 et

98 761 194 798 nos,
213 749 289 802 qui
308 748 554 789 secundum
571 749 764 788 animam
782 751 991 786 creatura
1007 745 1222 799 spiritalis
1243 758 1411 794 sumus,

98 806 246 845 aversi
265 818 291 845 a
307 810 372 854 te,
391 810 548 844 nostro
569 803 758 853 lumine,
776 803 822 842 in
841 814 895 842 ea
911 803 1005 842 vita
1024 802 1191 842 fuimus
1211 801 1411 853 aliquan-

99 861 155 900 do
174 861 407 909 tenebrae,
423 865 468 900 et
485 861 530 899 in
546 859 752 913 reliquiis
773 858 1066 898 obscuritatis
1086 861 1270 897 nostrae
1288 856 1411 896 labo-

98 929 268 965 ramus,
305 916 450 956 donec
473 916 611 955 simus
634 915 812 955 iustitia
831 920 912 953 tua
931 915 979 953 in
1002 913 1136 952 unico
1160 918 1262 960 tuo,
1297 911 1414 951 sicut

98 976 276 1012 montes
300 971 403 1011 Dei.
463 970 577 1010 Nam
593 970 764 1010 iudicia
779 976 858 1009 tua
874 969 1039 1009 fuimus
1053 999 1064 1019 ,
1088 969 1205 1008 sicut
1222 968 1413 1020 abyssus

98 1028 252 1067 multa.
274 1026 368 1075 (Ps.
387 1026 452 1075 35,
471 1027 511 1066 7.
532 1039 622 1066 sec.
642 1026 804 1076 LXX.)

183 1083 230 1122 C.
249 1082 324 1122 ΙΙΙ.
387 1082 521 1130 Quod
539 1087 689 1121 autem
706 1082 752 1120 in
771 1080 925 1133 primis
946 1080 1283 1120 conditionibus
1304 1078 1415 1118 dixi-

100 1139 178 1178 sti:
199 1137 293 1192 fiat
314 1139 406 1186 lux,
444 1136 626 1192 etfacta
651 1143 712 1175 est
736 1137 809 1175 lux
835 1136 967 1184 (Gen.
990 1137 1027 1183 l,
1047 1135 1129 1185 3.)‚
1148 1148 1239 1174 non
1261 1135 1414 1173 incon-

99 1199 315 1247 gruenter
332 1192 419 1233 hoc
436 1192 645 1245 intelligo
664 1192 711 1231 in
729 1196 938 1231 creatura
955 1191 1167 1243 spiritali3
1197 1191 1301 1242 quia
1319 1193 1416 1228 erat

100 1251 190 1289 iam
207 1249 547 1302 qualiscumque
565 1249 673 1297 vita,
695 1260 827 1300 quam
843 1247 1140 1286 illuminares.
1189 1245 1279 1286 Sed
1298 1245 1416 1284 sicut

100 1318 191 1346 non
214 1312 259 1345 te
281 1307 616 1358 promeruerat,
641 1308 690 1342 ut
717 1307 840 1342 esset
856 1302 962 1341 talis
981 1303 1096 1351 vita,
1123 1313 1236 1354 quae
1253 1301 1416 1340 illumi-

100 1362 199 1401 nari
223 1365 401 1414 posset,
427 1360 493 1399 ita
514 1371 598 1399 nec
617 1372 716 1399 cum
732 1360 823 1398 iam
842 1362 984 1407 esset,
1010 1357 1262 1409 promeruit
1277 1361 1344 1405 te,
1369 1360 1419 1395 ut

99 1417 449 1457 illuminaretur.
509 1414 667 1468 Neque
688 1416 806 1454 enim
825 1416 921 1454 eius
939 1412 1198 1453 informitas
1217 1412 1419 1465 placeret

99 1473 201 1522 tibi,
221 1472 260 1512 si
279 1484 370 1511 non
387 1472 464 1511 lux
482 1470 635 1522 fieret3
664 1482 754 1510 non
774 1469 1036 1509 exsistendo
1051 1499 1061 1517 ,
1100 1469 1179 1508 sed
1197 1466 1415 1507 intuendo

100 1528 430 1567 illuminantem
454 1527 621 1575 lucem,
647 1526 778 1579 eique
808 1523 1118 1573 cohaerendo,
1141 1529 1190 1563 ut
1215 1528 1258 1562 et
1278 1522 1417 1576 quod·-

102 1595 293 1636 cumque
318 1583 449 1632 vivit,
476 1586 522 1621 et
546 1581 666 1635 quod
689 1581 822 1620 beate
846 1581 976 1629 vivit,
1001 1592 1090 1618 non
1115 1579 1304 1618 deberet
1329 1578 1415 1617 nisi

103 1641 277 1691 gratiae
309 1643 435 1688 tuae3
470 1649 690 1677 conversa
721 1648 803 1689 per
834 1635 1232 1675 commutationem
1255 1633 1413 1671 melio-

102 1706 198 1733 rem
220 1694 277 1733 ad
300 1694 365 1742 id,
393 1692 513 1745 quod
537 1704 682 1744 neque
704 1694 751 1731 in
773 1691 959 1739 melius,
983 1701 1128 1741 neque
1147 1690 1191 1728 in
1212 1688 1412 1727 deterius

100 1750 264 1789 mutari
288 1754 460 1800 potest,
486 1748 607 1800 quod
626 1752 675 1786 tu
697 1747 821 1786 solus
841 1758 908 1794 es,
935 1745 1039 1797 quia
1057 1745 1181 1783 solus
1201 1743 1412 1796 simplici-

102 1811 171 1843 ter
196 1816 263 1853 es,
299 1806 371 1843 cui
392 1815 480 1842 non
506 1808 575 1842 est
601 1802 725 1842 aliud
746 1802 917 1849 vivere,
942 1799 1064 1839 aliud
1088 1800 1219 1838 beate
1244 1800 1411 1848 vivere,

102 1861 208 1912 quia
223 1864 301 1898 tua
316 1858 552 1897 beatitudo
571 1863 620 1897 tu
639 1870 702 1897 es.

184 1915 232 1954 C.
260 1913 334 1953 IV.
397 1913 516 1961 Quid
541 1925 650 1965 ergo
676 1912 760 1952 tibi
783 1912 967 1951 deesset
989 1910 1045 1949 ad
1068 1911 1256 1959 bonum,
1292 1909 1413 1961 quod

99 1976 149 2010 tu
172 1970 257 2010 tibi
282 1981 352 2018 es,
379 1970 514 2008 etiam
539 1969 579 2007 si
595 1969 685 2007 ista
701 1967 774 2006 vel
794 1966 974 2005 omnino
996 1965 1120 2004 nulla
1139 1969 1311 2013 essent,
1339 1965 1412 2004 vel

98 2025 314 2066 informia
331 2028 633 2070 remanerent,
661 2034 775 2074 quae
793 2034 882 2060 non
902 2034 957 2060 ex
973 2021 1226 2072 indigentia
1243 2018 1410 2069 fecisti,

100 2081 183 2121 sed
215 2093 271 2121 ex
304 2079 582 2132 plenitudine
615 2078 834 2116 bonitatis
864 2081 991 2125 tuae,
1027 2074 1243 2115 cohibens
1277 2079 1409 2128 atoue

103 2140 374 2176 convertens
401 2134 456 2174 ad
478 2133 688 2181 formam,
722 2145 810 2172 non
834 2137 883 2171 ut
905 2137 1132 2184 tamquam
1154 2135 1280 2169 tuum
1305 2139 1409 2179 gau-

104 2191 226 2231 dium
261 2191 541 2245 compleatur
567 2201 623 2229 ex
647 2187 737 2228 eistt
766 2186 981 2228 Perfecto
1008 2188 1126 2229 enim
1148 2186 1227 2226 tibi
1257 2185 1411 2239 displi-
