1473 2443
64 96 115 135 >38
381 93 665 136 AURELII
695 93 1068 137 AUGUSTINI

64 180 286 230 vvanitate3
320 179 399 219 sed
432 184 477 219 et
509 183 616 219 tunc
642 178 839 220 distabat
859 179 980 220 inter
1001 191 1099 219 nos.
1159 177 1378 219 Nimirum

67 237 230 290 quippe
256 234 335 274 ille
360 234 543 274 felicior
566 241 683 285 erat,
708 248 799 275 non
816 240 989 276 tantum
1008 234 1130 289 quod
1147 233 1377 275 hilaritate

65 291 444 345 perfundebatur,
486 303 586 330 cum
620 303 705 345 ego
739 292 859 331 curis
890 292 1191 341 eviscerarer,
1226 302 1382 331 verum

68 349 206 387 etiam
241 346 362 400 quod
393 346 472 387 ille
505 346 621 387 bene
655 347 851 399 optando
882 347 1193 401 adquisiverat
1213 347 1379 396 vinum,

67 416 154 457 ego
179 401 439 442 mentiendo
471 402 743 456 quaerebam
759 401 962 456 typhum.
1022 402 1131 443 Dixi
1148 407 1255 442 tunc
1273 402 1381 442 mul-

65 466 112 498 ta
135 460 181 498 111
205 457 289 498 hae
313 459 542 498 sententia
565 459 682 499 caris
706 460 840 508 meis,
869 463 914 498 et
937 471 1073 512 saepe
1094 458 1382 498 advertebam

64 516 108 553 in
131 513 220 564 his,
241 514 469 567 quomodo
488 513 599 553 mihi
614 519 749 562 esset,
772 519 817 554 et
834 515 1120 555 inveniebam
1138 514 1255 553 male
1275 512 1380 553 mihi

68 583 186 620 esse,
208 576 252 610 et
271 570 497 619 dolebam,
519 574 564 609 et
581 570 984 622 conduplicabam
973 583 1119 623 ipsum
1138 570 1269 609 male.
1334 570 1387 608 Et

68 627 105 665 si
132 626 239 680 quid
263 625 503 666 adrisisset
516 638 816 689 ‘prosper,um
840 626 1055 666 taedebat
1078 624 1384 678 adprehende-

67 694 137 731 re,
164 682 270 735 quia
292 693 433 733 paene
447 682 720 735 priusquam
742 686 977 721 teneretur
996 695 1047 721 av
1039 682 1220 721 olabat.

190 737 320 778 ‚VlL
385 737 876 791 Congemisccbamus
865 751 911 777 m
929 738 1007 787 iis,
1035 738 1111 790 qui
1131 736 1264 777 simul
1279 736 1385 775 ami-

69 806 118 832 ce
132 738 408 842 veniebamus,
421 799 465 833 et
478 794 669 833 maxime
684 806 735 832 ac
745 792 1101 833 familiarissime
1115 806 1213 833 cum
1222 792 1384 844 Alypio

68 855 114 888 et
131 848 350 889 Nebridio
377 850 465 888 ista
490 849 801 902 colloquebar,
822 861 1013 902 quorum
1030 849 1217 902 Alypius
1239 860 1294 888 ex
1312 860 1386 887 eo-

69 905 190 953 dem,
216 917 303 957 quo
325 917 410 958 ego
433 910 558 945 ortus
581 917 704 945 eram
720 906 991 958 municipio,
1016 904 1280 958 parentibus
1299 903 1386 956 pri-

67 961 262 1000 matibus
280 961 645 1014 municipalibus,
664 972 735 1001 me
752 962 902 1000 minor
919 966 1040 1001 natu.
1102 960 1215 1000 Nam
1235 964 1279 999 et
1298 965 1387 999 stu-

70 1016 230 1056 duerat
249 1016 367 1069 apud
384 1029 475 1065 me,
503 1030 603 1056 cum
620 1017 666 1056 in
684 1022 842 1056 nostro
863 1017 1030 1056 docere
1051 1018 1183 1069 coepi
1203 1015 1386 1069 oppido,

69 1078 114 1111 et
140 1078 300 1124 postea
325 1071 613 1126 Carthagini,
639 1077 684 1112 et
702 1072 925 1126 diligebat
941 1085 1012 1112 me
1031 1073 1240 1121 multum,
1267 1070 1388 1124 quod

70 1128 111 1167 ei
134 1128 279 1167 bonus
299 1133 345 1168 et
362 1129 523 1168 doctus
542 1128 746 1177 viderer,
777 1133 823 1168 et
841 1141 926 1182 ego
946 1129 1073 1168 illum
1092 1133 1280 1180 propter
1297 1139 1388 1166 ma-

69 1197 202 1237 gnam
222 1184 400 1223 virtutis
420 1184 636 1234 indolem,
657 1196 770 1236 quae
791 1185 836 1223 in
856 1197 945 1224 non
964 1197 1129 1237 magna
1149 1188 1299 1222 aetate
1318 1194 1383 1221 sa-

66 1240 127 1279 tis
164 1240 404 1279 eminebat.
467 1239 645 1293 Gurges
678 1246 829 1280 tamen
861 1253 1036 1280 morum
1064 1238 1388 1292 Carthaginen-

68 1296 200 1345 sium,
215 1296 375 1348 quibus
393 1296 636 1349 nugatoria
652 1294 831 1335 fervent
849 1296 1123 1348 spectacula,
1144 1294 1388 1334 absorbue-

68 1356 140 1390 rat
166 1363 266 1391 eum
283 1352 329 1390 in
344 1352 567 1391 insaniam
586 1352 881 1392 Circensium.
944 1351 1033 1392 Sed
1053 1364 1152 1390 cum
1171 1351 1216 1389 111
1235 1362 1289 1389 eo
1308 1349 1388 1389 mi-

68 1407 329 1447 serabiliter
348 1407 623 1457 volveretur,
638 1419 723 1460 ego
745 1413 895 1448 autem
913 1406 1187 1447 rhetoricam
1206 1406 1269 1445 ibi
1288 1417 1388 1459 pro-

67 1462 218 1503 fessus
237 1463 420 1516 publica
437 1462 596 1503 schola
612 1468 788 1513 uterer,
808 1464 1005 1503 nondum
1019 1476 1090 1502 me
1110 1461 1324 1502 audiebat
1340 1466 1389 1500 ut

68 1520 349 1572 magistrum,
363 1525 549 1584 propter
568 1519 806 1572 quamdam
825 1520 1117 1568 simultatem,
1138 1530 1252 1571 quae
1272 1517 1390 1556 inter

68 1587 140 1613 me
161 1580 206 1615 et
224 1581 399 1627 patrem
421 1576 518 1615 eius
539 1581 637 1615 erat
655 1580 835 1626 eXO1ta3
857 1581 902 1615 et
922 1586 1245 1627 compereram
1268 1572 1389 1625 quod

71 1631 240 1670 circum
260 1631 507 1671 exitialiter
526 1637 718 1681 amaret,
746 1636 790 1670 et
808 1632 1007 1684 graxiter
1025 1629 1245 1682 angebar,
1267 1627 1387 1681 quod

68 1691 240 1725 tantam
272 1700 396 1738 spem
424 1662 718 1739 perditur'us‚
734 1661 833 1725 vele
837 1687 973 1726 etiam
996 1685 1252 1738 perdidisse
1279 1682 1387 1723 mihi

68 1741 323 1782 videbatur.
385 1742 475 1782 Sed
493 1742 704 1782 monendi
726 1754 848 1790 eum,
875 1748 920 1781 et
937 1742 1088 1805 aliqua
1107 1740 1385 1780 coercitione

68 1798 335 1847 revocandi,
356 1798 480 1837 nulla
499 1803 596 1838 erat
614 1798 760 1850 copia,
780 1798 852 1836 vel
871 1797 1096 1837 amicitiae
1115 1795 1383 1836 benevolen-

68 1853 156 1902 tia,
181 1853 254 1892 vel
271 1854 369 1892 iure
393 1854 660 1906 magisterii.
722 1852 943 1892 Putabam
970 1853 1087 1892 enim
1116 1865 1215 1892 eum
1235 1851 1289 1890 de
1315 1862 1384 1890 me

71 1922 172 1948 cum
203 1914 303 1961 patr
308 1921 331 1947 e
366 1910 555 1959 sentir3e
587 1909 665 1948 ille
704 1922 723 1947 v
731 1920 808 1947 ero
843 1921 932 1948 11011
965 1909 1031 1948 sic
1057 1914 1167 1948 erat.
1229 1907 1383 1958 Itaque

71 1965 352 2018 postposita
342 1978 385 2003 m
403 1964 546 2004 haere
566 1965 705 2017 patris
727 1978 748 2002 v
755 1964 958 2003 oluntate
977 1964 1176 2004 salutare
1194 1975 1264 2002 me
1285 1973 1385 2001 coe-

71 2025 214 2073 perat,
234 2034 256 2059 v
263 2020 418 2060 eniens
437 2020 482 2059 111
503 2020 777 2059 auditorium
796 2032 958 2069 meum,
979 2025 1024 2059 et
1041 2019 1195 2059 audire
1215 2017 1387 2070 aliquid

73 2082 206 2128 atque
227 2076 386 2117 abir.e
415 2075 504 2116 Sed
523 2076 640 2115 enim
661 2075 714 2115 de
733 2076 952 2115 memoria
969 2074 1077 2114 1111111
1096 2075 1269 2127 lapsum
1290 2078 1388 2113 erat

73 2144 209 2185 agere
237 2145 335 2172 cum
358 2132 462 2181 illo,
487 2144 541 2171 ne
566 2144 783 2171 vanorum
806 2131 1015 2171 ludorum
1039 2142 1175 2170 caeco
1199 2135 1242 2169 et
1261 2140 1385 2182 prae-

74 2189 200 2242 cipiti
223 2188 374 2229 studio
402 2193 492 2227 tam
509 2187 677 2227 bonum
694 2188 980 2227 interimeret
995 2186 1239 2241 ingenium.
1305 2184 1340 2224 V
1345 2196 1385 2223 e-
