1514 2438
242 132 783 176 CONFESSIONUM
812 132 1021 174 LIBER
1050 131 1158 174 VII.
1282 129 1359 170 109

39 235 131 264 mo:
153 221 261 276 quid
280 225 350 262 est
367 218 481 260 hoc‘!
498 224 548 260 ut
567 218 675 274 quid
685 217 806 273 vhoc'}
834 216 939 260 Non
956 218 1093 268 dicat,
1111 228 1204 258 non
1224 214 1366 266 dicat3

38 278 175 319 homo
196 283 267 318 est
285 279 418 318 enim.

124 335 173 374 C.
195 333 293 375 VII.
353 334 446 373 Iam
462 333 618 386 itaque
636 343 724 381 me,
739 332 923 372 adiutor
938 342 1082 381 meus,
1101 329 1195 372 illis
1213 331 1366 370 vincu-

39 392 97 432 lis
125 390 348 439 solveras,
375 395 420 429 et
444 388 718 443 quaerebam
740 388 859 428 unde
881 387 1071 436 malum,
1097 392 1142 427 et
1159 398 1250 426 non
1270 390 1369 425 erat

43 448 208 488 exitus.
257 445 347 488 Sed
364 458 435 485 me
453 458 545 485 non
563 445 746 485 sinebas
765 444 872 484 ullis
890 442 1104 484 fluctibus
1124 442 1369 496 cogitatio-

40 505 111 544 nis
126 502 298 543 auferri
313 503 369 542 ab
386 514 440 541 ea
457 501 561 550 fide,
578 513 666 555 qua
680 500 923 541 credebam
938 504 984 540 et
1003 511 1104 539 esse
1121 503 1184 547 te,
1202 502 1246 538 et
1266 509 1367 537 esse

40 558 463 601 incommutabilem
482 557 784 598 substantiam
800 561 944 606 tuam,
966 560 1011 596 et
1030 567 1130 595 esse
1152 554 1206 594 de
1225 552 1368 592 homi-

42 617 176 656 nibus
195 627 349 656 curam
368 619 413 654 et
429 614 648 654 iudicium
665 618 807 663 tuum,
819 618 864 653 et
880 613 927 652 in
938 610 1138 661 Christo,
1157 610 1252 650 filio
1271 615 1369 656 tuo,

42 671 241 711 Domino
262 675 439 719 nostro,
465 675 601 724 atque
619 671 666 710 in
684 668 923 723 scripturis
943 667 1134 716 sanctis,
1161 678 1272 720 quas
1301 678 1371 704 ec-

44 728 213 768 clesiae
225 732 331 767 tuae
348 725 602 768 catholicae
619 725 962 766 commendaret
975 722 1371 772 auctoritas,viam

42 789 88 824 te
106 785 319 838 posuisse
339 782 501 823 salutis
521 780 742 822 humanae
761 781 819 821 ad
838 793 937 821 eam
953 781 1112 829 vitam,
1132 790 1247 832 quae
1264 782 1370 831 post

43 838 160 880 hanc
175 844 373 880 mortem
390 838 546 879 futura
564 842 647 877 est.
693 837 780 878 His
798 839 953 892 itaque
973 836 1128 885 salvis,
1149 839 1284 889 atque
1302 835 1368 874 in-

45 908 268 936 concusse
286 896 519 936 roboratis
542 896 590 935 in
608 895 757 934 animo
775 905 901 943 meo,
926 892 1201 947 quaerebam
1220 894 1369 930 aestu-

45 953 272 1002 ans‚unde
292 952 352 991 sit
368 951 552 992 malum.
581 949 708 999 Quae
726 950 809 990 illa
823 954 1055 989 tormenta
1071 947 1368 1002 parturientis

47 1008 199 1049 cordis
212 1009 316 1057 mei,
329 1009 406 1062 qui
416 1008 628 1062 gemitus,
638 1005 765 1046 Deus
779 1005 928 1046 meus!
945 1005 1005 1045 Et
1017 1006 1083 1046 ibi
1095 1008 1225 1044 erant
1237 1014 1370 1042 aures

43 1069 151 1104 tuae
170 1065 407 1104 nesciente
424 1076 511 1104 me.
529 1063 589 1103 Et
607 1075 706 1103 cum
724 1062 772 1102 in
789 1062 974 1102 silentio
987 1060 1173 1101 fortiter
1187 1070 1373 1114 quaere-

45 1133 164 1171 rem,
188 1132 381 1173 magnae
399 1132 539 1160 voces
560 1124 690 1160 erant
709 1118 765 1159 ad
782 1117 1150 1159 misericordiam
1166 1121 1292 1156 tuam
1308 1121 1374 1155 ta-

48 1179 165 1217 citae
186 1177 489 1217 contritiones
509 1177 649 1216 animi
664 1177 769 1215 mei.
809 1176 881 1217 Tu
899 1175 1093 1224 sciebas,
1106 1172 1214 1228 quid
1231 1173 1375 1227 patie-

44 1234 148 1282 bar,
174 1238 220 1272 et
242 1232 393 1272 nullus
412 1230 659 1273 hominum.
722 1231 951 1280 Quantum
970 1232 1090 1271 enim
1110 1233 1227 1279 erat,
1252 1227 1376 1282 quod

44 1290 150 1330 inde
171 1289 467 1343 digerebatur
483 1301 565 1343 per
581 1289 784 1341 linguam
800 1299 947 1328 meam
965 1289 1013 1328 in
1031 1298 1164 1327 aures
1182 1284 1376 1325 familia-

45 1346 334 1386 rissimorum
355 1344 587 1385 meorum'}
617 1343 849 1398 Numquid
876 1348 1005 1384 totus
1033 1342 1256 1382 tumultus
1281 1341 1373 1379 ani-

47 1414 148 1442 mae
163 1413 308 1450 meae,
326 1402 399 1441 cui
414 1413 499 1440 nec
514 1405 739 1454 tempora,
758 1412 844 1440 nec
865 1412 915 1439 os
932 1411 1083 1439 meum
1101 1397 1373 1445 sufficiebat,

51 1458 246 1497 sonabat
279 1455 373 1496 eisCl
418 1457 589 1497 Totum
618 1460 773 1496 tamen
804 1456 903 1496 ibat
929 1457 975 1495 in
1000 1454 1206 1494 auditum
1227 1457 1372 1501 tuum,

50 1513 173 1567 quod
196 1512 435 1566 rugiebam
457 1525 484 1552 a
505 1512 681 1567 gemitu
706 1511 859 1552 cordis
876 1513 988 1561 mei,
1023 1515 1068 1550 et
1083 1514 1187 1550 ante
1209 1513 1256 1548 te
1277 1512 1377 1548 erat

50 1569 330 1609 desiderium
353 1581 523 1619 meum,
557 1574 604 1609 et
624 1568 779 1608 lumen
806 1567 1045 1608 oculorum
1060 1578 1267 1607 meorum
1284 1576 1376 1604 non

50 1630 150 1665 erat
164 1637 356 1665 mecum.
385 1625 511 1666 Intus
528 1626 648 1666 enim
662 1628 775 1675 erat,
786 1635 873 1678 ego
893 1628 1045 1664 autem
1057 1622 1189 1662 foris.
1214 1620 1312 1662 Nec
1327 1621 1375 1660 in

46 1682 153 1722 loco
171 1680 301 1721 illud.
354 1682 409 1721 At
428 1693 515 1735 ego
533 1681 829 1722 intendebam
844 1682 892 1721 in
911 1691 979 1729 ea,
1000 1691 1114 1734 quae
1132 1678 1250 1718 locis
1270 1689 1375 1717 con-

45 1739 265 1787 tinentur,
282 1741 327 1777 et
344 1750 436 1778 non
452 1737 518 1778 ibi
535 1737 825 1778 inveniebam
840 1736 993 1776 locum
1012 1735 1069 1775 ad
1084 1735 1375 1788 requiescen-

50 1794 173 1845 dum3
203 1805 286 1834 nec
303 1794 590 1848 recipiebant
606 1806 678 1834 me
695 1795 801 1844 ista,
819 1797 871 1833 ut
889 1792 1107 1833 dicerem:
1134 1794 1207 1831 sat
1224 1793 1309 1839 est,
1330 1795 1376 1828 et

47 1851 166 1891 bene
187 1855 275 1900 est3
295 1863 380 1891 nec
399 1850 690 1891 dimittebant
706 1849 876 1899 redire,
895 1850 974 1890 ubi
989 1846 1102 1889 mihi
1119 1846 1231 1888 satis
1252 1852 1378 1886 esset

47 1907 181 1947 bene.
243 1905 462 1960 Superior
481 1907 601 1947 enim
620 1919 742 1947 eram
759 1907 883 1956 istis,
902 1910 949 1946 te
966 1916 1076 1945 vero
1095 1902 1310 1951 inferior,
1331 1907 1377 1941 et

47 1967 100 2003 tu
122 1962 338 2017 gaudium
359 1975 518 2003 verum
538 1961 651 2004 mihi
675 1962 859 2003 subdito
881 1962 988 2011 tibi,
1014 1965 1059 2001 et
1074 1965 1126 2000 tu
1141 1957 1254 2000 mihi
1271 1958 1373 1997 sub-

47 2020 247 2069 ieceras,
274 2031 389 2073 quae
412 2018 535 2059 infra
554 2031 627 2059 me
653 2020 836 2060 creasti.
894 2018 954 2058 Et
975 2016 1063 2058 hoc
1083 2021 1181 2057 erat
1197 2019 1373 2056 rectum

47 2079 456 2128 temperamentum
480 2080 525 2115 et
548 2075 700 2116 media
714 2075 846 2129 regio
867 2074 1028 2115 salutis
1046 2084 1194 2122 meae,
1218 2077 1269 2111 ut
1284 2082 1373 2110 ma-

48 2143 206 2171 nerem
223 2132 280 2172 ad
296 2133 544 2186 imaginem
559 2136 704 2182 tuam,
725 2136 770 2171 et
786 2132 873 2172 tibi
890 2131 1094 2171 serviens
1114 2128 1375 2169 dominarer

50 2190 248 2241 corpori.
309 2187 401 2229 Sed
433 2201 534 2228 cum
568 2189 762 2242 superbe
786 2192 947 2228 contra
966 2191 1013 2226 te
1037 2195 1293 2238 surgerem,
1328 2185 1374 2220 et

51 2255 281 2285 currerem
304 2245 523 2285 adversus
545 2243 792 2284 Dominum
814 2243 861 2283 in
886 2243 1063 2283 cervice
1084 2251 1239 2281 crassa
1256 2236 1373 2278 scuti
