1514 2438
326 117 863 162 CONFESSIONUM
892 118 1102 162 LIBER
1130 120 1270 164 XIII.
1377 123 1461 165 285

131 216 237 243 num
261 207 349 254 est,
373 216 465 244 non
487 204 595 258 ipsi,
622 203 704 244 sed
725 203 852 246 Deus
874 205 1021 257 videt,
1049 206 1156 261 quia
1176 205 1347 248 bonum
1374 215 1458 249 est.

129 259 265 299 Aliud
290 272 400 314 ergo
429 265 519 310 est,
553 264 604 300 ut
625 265 757 314 putet
780 263 971 316 quisque
996 263 1166 303 malum
1189 275 1312 314 esse,
1338 264 1460 317 quod

128 315 299 355 bonum
327 321 418 366 est,
444 316 600 370 quales
625 328 762 370 supra
784 317 897 358 dieti
914 323 1031 359 sunt.
1089 318 1245 370 Aliud,
1269 324 1320 360 ut
1337 321 1460 373 quod

131 371 302 412 bonum
322 377 409 422 est,
430 372 582 412 videat
600 371 759 423 homo,
781 374 888 427 quia
902 373 1072 414 bonum
1091 379 1181 426 est3
1214 376 1334 416 sicut
1348 376 1460 416 mul-

132 428 191 467 tis
219 433 299 468 tua
323 433 534 468 creatura
551 428 722 481 placet,
748 431 855 484 quia
870 429 993 470 bona
1011 435 1103 481 est,
1129 430 1292 485 quibus
1309 436 1462 472 tamen

132 495 225 523 non
242 489 293 524 tu
309 485 463 539 places
483 485 529 523 in
549 497 622 536 ea,
644 485 760 526 unde
778 485 871 526 frui
886 486 1032 541 magis
1051 486 1153 539 ipsa
1170 500 1303 541 quam
1319 493 1365 528 te
1384 501 1461 528 vo·

132 540 245 580 lunt.
304 541 439 581 Aliud
458 546 623 591 autem,
643 546 708 591 ut,
728 555 829 582 cum
847 542 1022 597 aliquid
1039 542 1166 583 videt
1183 542 1335 594 homo,
1355 546 1462 598 quia

131 595 302 636 bonum
327 602 415 646 est,
439 595 565 636 Deus
590 599 637 638 in
659 597 741 638 illo
767 598 941 649 videat,
972 599 1080 653 quia
1100 598 1270 639 bonum
1293 607 1386 650 est,
1411 610 1462 640 ut

134 652 316 692 scilicet
331 653 412 693 ille
432 659 611 692 ametur
626 654 673 693 in
700 666 771 704 eo,
790 655 912 708 quod
929 655 1065 705 fecit,
1083 656 1160 708 qui
1177 667 1269 695 non
1287 668 1459 696 amare-

131 712 221 758 tur,
242 709 332 749 nisi
349 721 430 761 per
449 708 668 762 Spiritum
688 717 908 760 sanctum,
929 723 1061 764 quem
1081 710 1225 762 dedit3
1246 714 1461 766 quoniam

132 765 301 804 caritas
325 764 411 804 Dei
443 764 610 805 diffusa
629 770 699 806 est
715 767 761 806 in
786 767 1002 807 cordibus
1032 768 1203 808 nostris
1221 779 1303 821 per
1321 767 1461 822 Spiri-

130 825 227 860 tum
245 827 466 871 sanctum,
483 822 559 875 qui
579 821 710 862 datus
730 828 801 863 est
816 822 966 873 nobis,
982 836 1064 877 per
1083 835 1216 876 quem
1236 824 1459 874 videmus,

133 876 240 930 quia
276 877 447 917 bonum
470 882 560 927 est,
581 877 801 931 quidquid
824 878 978 932 aliquo
1003 880 1139 920 modo
1161 884 1245 920 est.
1283 880 1348 920 Ab
1373 880 1456 920 illo

133 932 250 972 enim
271 938 362 981 est,
385 933 572 985 quinon
592 933 744 988 aliquo
765 935 902 975 modo
925 940 1009 985 est,
1029 936 1111 976 sed
1130 936 1252 988 quod
1271 942 1354 987 est,
1375 942 1460 977 est.

214 988 262 1028 C.
289 989 477 1029 XXXII.
540 988 722 1030 Gratias
740 991 840 1040 tibi,
859 990 1071 1032 Domine.
1117 991 1337 1033 Videmus
1357 1005 1462 1033 coe-

127 1043 221 1084 lum
246 1050 292 1084 et
314 1050 502 1095 terram,
537 1045 632 1086 sive
659 1047 947 1101 corporahm
969 1053 1143 1101 partem
1177 1049 1462 1102 superiorem

129 1106 265 1154 atque
308 1100 598 1150 inferiorem,
648 1104 744 1143 sive
783 1103 1038 1157 spiritalem
1076 1105 1459 1158 corporalemque

130 1162 404 1208 creaturam3
437 1162 572 1211 atque
598 1158 645 1198 in
670 1165 833 1199 ornatu
856 1158 1015 1200 harum
1037 1160 1257 1213 partium,
1297 1161 1460 1214 quibus

130 1218 312 1255 constat
323 1214 395 1253 vel
413 1215 627 1254 universa
643 1215 797 1255 mundi
817 1216 979 1266 moles,
993 1217 1068 1256 vel
1085 1217 1300 1256 universa
1320 1219 1460 1256 omni-

129 1281 188 1308 no
226 1275 456 1318 creatura,
490 1269 696 1310 videmus
731 1271 881 1311 lucem
913 1271 1084 1311 factam
1118 1271 1400 1326 divisamque
1435 1285 1462 1312 a

129 1325 350 1364 tenebris.
413 1325 631 1366 Videmus
666 1326 999 1367 firmamentum
1032 1327 1172 1376 coeli,
1212 1328 1308 1368 sive
1340 1330 1462 1368 inter

130 1380 362 1432 spiritales
396 1393 536 1433 aquas
561 1382 826 1434 superiores
852 1387 897 1422 et
921 1382 1187 1436 corporales
1210 1382 1459 1424 inferiores

127 1436 395 1488 primarium
417 1448 583 1489 corpus
607 1438 765 1478 mundi
784 1436 865 1491 [cf.
883 1439 996 1492 Aug.
1016 1443 1202 1479 retract.
1222 1441 1261 1489 2,
1282 1438 1367 1493 6.];
1401 1441 1459 1480 si-

127 1504 182 1531 ve
217 1490 304 1531 hoc
340 1493 535 1545 spatium
559 1495 699 1542 aeris,
734 1495 841 1547 quia
864 1499 910 1534 et
934 1493 1023 1534 hoc
1045 1499 1237 1535 vocatur
1262 1496 1456 1545 coelum,

126 1560 210 1600 per
233 1547 357 1601 quod
379 1554 604 1601 vagantur
626 1549 836 1590 volatilia
854 1550 994 1600 coeli,
1016 1552 1138 1590 inter
1155 1563 1316 1604 aquas,
1341 1565 1457 1606 quae

124 1604 407 1657 vaporaliter
426 1606 492 1645 eis
511 1604 878 1658 superferuntur,
899 1612 945 1646 et
963 1607 1137 1646 serenis
1157 1609 1294 1647 etiam
1312 1610 1455 1648 nocti-

124 1659 210 1700 bus
242 1666 422 1710 rorant,
458 1665 504 1700 et
534 1659 636 1711 has,
672 1674 786 1714 quae
819 1662 867 1702 in
897 1663 1232 1716 terris-graves
1257 1662 1453 1705 fluitant.

125 1715 347 1756 Videmus
374 1722 759 1771 congregatarum
782 1730 1000 1772 aquarum
1024 1720 1223 1771 speciem
1240 1732 1323 1773 per
1340 1732 1454 1760 cam-

126 1783 212 1824 pos
236 1772 395 1822 maris3
429 1778 474 1812 et
498 1773 672 1813 aridam
689 1778 859 1814 terram
876 1774 950 1814 rel
966 1774 1182 1815 nudatam
1198 1776 1272 1815 vel
1289 1775 1454 1816 forma-

127 1833 241 1876 tam,
260 1832 310 1867 ut
330 1834 455 1868 esset
471 1830 668 1869 visibilis
689 1835 734 1870 et
751 1831 1020 1883 composita,
1040 1829 1373 1885 herbarumque
1392 1837 1456 1871 at-

130 1894 216 1935 que
238 1883 450 1923 arborum
468 1886 720 1925 materiem.
780 1886 1000 1926 Videmus
1018 1887 1259 1927 luminaria
1276 1887 1456 1940 fulgere

133 1939 344 1991 desuper,
365 1939 510 1979 solem
529 1942 737 1981 sufficere
758 1941 864 1991 diei,
883 1943 1035 1982 lunam
1054 1948 1100 1982 et
1117 1943 1274 1983 stellas
1295 1955 1456 1982 conso-

130 1994 221 2034 lari
243 2000 446 2042 noctem,
472 2001 607 2048 atque
632 1996 702 2037 his
728 1998 936 2038 omnibus
960 1999 1112 2039 notari
1134 2003 1179 2038 et
1204 1999 1457 2052 significari

130 2055 356 2103 tempora.
414 2050 633 2092 Videmus
649 2052 877 2094 humidam
890 2066 1215 2108 usquequaque
1234 2060 1455 2105 naturam,

130 2106 334 2159 piscibus
354 2111 400 2145 et
420 2106 582 2147 belluis
603 2113 650 2148 et
666 2109 849 2150 alitibus
867 2109 1174 2159 fecundatum,
1196 2110 1318 2164 quod
1336 2111 1455 2151 aeris

133 2162 439 2214 corpulentia,
481 2175 594 2216 quae
630 2165 811 2206 volatus
845 2167 995 2205 avium
1026 2171 1197 2219 portat,
1237 2179 1454 2219 aquarum

133 2215 425 2259 exhalatione
461 2220 731 2262 concrescit.
789 2221 1009 2262 Videmus
1030 2222 1226 2263 terrenis
1251 2222 1453 2263 animali-
