1514 2438
60 368 521 424 AUGUSTINI
564 368 675 423 DE
720 369 1374 428 CONFESSIONUM

348 466 625 520 LIBRIS
661 467 1076 523 IUDICIUM.

274 584 605 627 RETRACT.
650 585 778 630 LIB.
807 586 869 629 ΙΙ.
902 586 1041 630 CAP.
1071 588 1153 630 Vl.

60 639 434 710 confessionum
460 682 662 712 mearum
689 672 797 712 libri
825 672 1049 714 tredecim
1081 679 1128 714 et
1156 673 1210 714 de
1244 674 1375 714 malis

58 730 104 764 et
123 725 178 766 de
196 725 330 766 bonis
347 726 461 766 meis
479 726 628 767 Deum
644 728 833 769 laudant
847 731 1017 770 iustum
1036 735 1082 770 et
1098 729 1287 780 bonum,
1313 736 1376 770 at-

58 793 145 834 que
175 781 221 821 in
241 793 343 822 eum
367 783 571 824 excitant
588 782 831 826 humanum
858 786 1144 826 intellectum
1180 791 1226 826 et
1251 785 1376 826 adfe-

57 842 192 877 ctum.
250 837 436 878 Interim
461 839 584 893 quod
607 840 664 880 ad
687 853 757 881 me
784 841 980 893 adtinet,
1004 840 1092 882 hoc
1118 844 1163 881 in
1183 854 1253 882 me
1273 854 1376 896 ege-

54 898 160 933 runt
206 907 305 934 cum
352 894 682 946 scriberentur,
733 901 779 937 et
824 902 966 952 agunt
1008 911 1109 938 cum
1146 898 1376 952 leguntur.

57 948 178 997 Quid
202 950 257 990 de
280 949 374 990 illis
399 950 479 990 alii
510 954 727 1002 sentiant,
760 954 851 1007 ipsi
881 954 1097 1005 viderint3
1130 955 1286 995 multis
1311 960 1376 994 ta-

52 1017 157 1045 men
180 1004 398 1046 fratribus
425 1019 504 1047 eos
528 1008 716 1048 multum
741 1010 969 1063 placuisse
995 1015 1041 1050 et
1059 1011 1241 1065 placere
1262 1010 1374 1050 scio.

51 1063 88 1102 A
114 1062 260 1114 primo
293 1075 437 1116 usque
471 1064 528 1104 ad
561 1064 785 1106 decimum
810 1066 865 1106 de
891 1079 962 1107 me
989 1068 1148 1120 scripti
1174 1072 1298 1118 sunt3
1329 1068 1377 1107 in

51 1118 199 1158 tribus
239 1119 434 1159 caeteris
476 1119 530 1160 de
565 1121 806 1175 scripturis
840 1125 1034 1174 sanctis,
1073 1123 1129 1164 ab
1163 1134 1217 1164 eo
1255 1122 1378 1177 quod

55 1175 274 1228 scriptum
302 1182 392 1215 est:
424 1173 478 1215 In
504 1176 728 1230 principio
742 1177 865 1232 fecit
887 1176 1009 1220 Deus
1033 1180 1197 1220 coelam
1225 1186 1268 1219 et
1291 1186 1375 1219 ter-

53 1243 169 1279 ram,
212 1243 357 1284 usque
390 1231 447 1271 ad
481 1232 659 1274 sabbati
696 1230 918 1288 requiem.
976 1235 1027 1275 In
1060 1240 1222 1290 quarto
1257 1235 1375 1275 libro

57 1288 114 1332 (c.
135 1286 194 1338 6.)
216 1300 315 1327 cum
337 1288 392 1328 de
412 1288 547 1328 amici
564 1297 708 1330 morte
728 1291 866 1331 animi
882 1293 972 1332 mei
990 1293 1219 1333 miseriam
1240 1291 1378 1332 confi-

53 1348 199 1392 terer,
228 1343 406 1393 dicens,
431 1345 553 1397 quod
580 1346 728 1386 anima
750 1352 910 1388 nostra
932 1361 1022 1387 una
1040 1347 1375 1402 quodammodo

56 1397 178 1438 facta
194 1398 346 1439 fuerat
370 1411 426 1439 ex
450 1399 646 1451 duabus,
673 1409 718 1441 et
737 1401 855 1451 ideo,
881 1404 1084 1456 inquam,
1109 1402 1239 1458 forte
1264 1401 1381 1442 mori

56 1455 318 1503 metuebam,
338 1467 391 1494 ne
410 1461 525 1495 totus
544 1455 614 1495 ille
633 1465 894 1509 moreretur,
917 1472 1038 1512 quem
1057 1460 1237 1499 multum
1256 1472 1375 1499 ama-

55 1523 222 1550 veram:
254 1523 368 1564 quae
393 1509 505 1550 mihi
530 1513 658 1565 quasi
684 1513 956 1554 declamatio
984 1516 1097 1555 levis
1125 1528 1257 1569 quam
1276 1528 1376 1569 gra-

55 1567 122 1605 vis
149 1567 381 1607 confessio
406 1566 608 1618 videtur,
638 1571 840 1622 quamvis
860 1576 1104 1624 utcumque
1124 1577 1379 1625 temperata

56 1623 116 1661 sit
139 1620 250 1663 haec
275 1623 448 1677 ineptia
465 1624 510 1663 in
532 1636 585 1664 eo
607 1625 728 1678 quod
746 1626 949 1667 additum
969 1634 1039 1667 est
1050 1627 1195 1682 forte.
1255 1628 1314 1667 Et
1331 1629 1377 1667 in

55 1678 169 1718 libro
199 1679 338 1719 tertio
374 1679 550 1719 decimo
572 1681 630 1728 (c.
650 1681 738 1732 32.)
773 1683 894 1735 quod
925 1683 1019 1723 dixi
1042 1682 1378 1738 firmamentum

41 1733 221 1789 factum
245 1734 360 1774 inter
382 1734 599 1787 spiritales
623 1750 761 1790 aquas
785 1739 1030 1792 superiores
1057 1746 1098 1780 et
1127 1740 1377 1794 corporales

50 1789 304 1844 inferiores,
333 1803 423 1831 non
450 1793 562 1832 satis
584 1794 873 1835 considerate
894 1795 1063 1835 dictum
1086 1801 1176 1846 est3
1207 1810 1282 1839 res
1302 1809 1376 1837 au-

51 1854 143 1885 tem
160 1847 206 1886 in
226 1846 381 1887 abdito
402 1853 472 1888 est
488 1848 634 1889 valde.

163 2043 241 2091 EJ:
263 2044 416 2108 Epist.
444 2047 558 2092 231.
584 2050 873 2103 (ed.Bened,)
899 2048 1059 2095 Dario
1087 2053 1264 2096 comiti.

138 2139 273 2181 Sume
296 2141 435 2180 libros
452 2154 565 2194 quos
585 2142 861 2183 desiderasti
886 2143 1237 2185 Confessionum
1255 2157 1373 2184 mea-

55 2207 165 2236 rum.
212 2195 278 2235 lbi
307 2209 377 2236 me
399 2199 595 2250 inspice,
615 2211 672 2238 ne
695 2211 766 2241 me
794 2199 953 2241 laudes
972 2200 1092 2240 ultra
1110 2213 1242 2253 quam
1262 2213 1373 2241 sum.
