1514 2438
257 145 803 188 CONFESSIONUM
833 145 1044 188 LIBER
1073 146 1147 188 VI.
1318 146 1371 186 95

44 247 65 273 c
80 246 102 273 e
116 239 215 273 rta.
277 232 325 274 Si
342 232 492 273 subito
515 231 729 285 obrepat,
750 232 979 285 quomodo
1001 230 1105 272 hinc
1125 231 1374 272 exibimus?

44 296 89 329 et
113 290 190 329 ubi
209 289 340 329 nobis
361 288 580 328 discenda
598 293 722 337 sunt,
751 300 865 342 quae
885 287 959 328 hic
977 288 1290 342 negleximusZ
1306 288 1373 327 An

45 358 133 385 non
153 345 305 398 potius
325 344 457 385 huius
479 345 795 398 negligentiae
816 344 1041 398 supplicia
1058 343 1225 384 luenda
1243 343 1375 384 sunt?

46 401 167 450 Quid
179 402 218 441 si
234 414 356 441 mors
368 401 468 454 ipsa
479 413 658 441 omnem
675 414 828 441 curam
848 414 948 441 cum
966 413 1103 440 sensu
1124 399 1375 453 amputabit

45 464 90 497 et
109 457 261 498 finiet?
294 457 413 510 Ergo
434 462 479 497 et
496 455 584 498 hoc
604 457 926 511 quaerendum.
984 456 1075 497 Sed
1093 456 1226 506 absit,
1245 462 1295 496 ut
1312 456 1377 495 ita

45 515 117 553 sit.
177 513 279 554 Non
310 519 465 563 vacat,
499 526 591 553 non
625 519 696 554 est
712 514 867 563 inane,
905 513 1027 566 quod
1052 519 1144 552 tam
1171 513 1375 552 eminens

45 570 222 609 culmen
247 570 538 610 auctoritatis
565 568 854 610 Christianae
887 569 995 609 fidei
1021 574 1120 608 toto
1150 569 1261 608 orbe
1292 567 1376 607 dif-

46 625 263 666 funditur.
324 625 581 679 Numquam
606 631 733 666 tanta
758 633 803 665 et
827 626 939 666 talia
962 638 1042 678 pro
1063 625 1195 665 nobis
1217 625 1377 664 divini-

46 688 117 722 tus
143 687 412 736 agerentur,
439 682 479 722 si
507 687 654 722 morte
682 682 890 736 corporis
919 682 1057 722 etiam
1088 681 1180 720 vita
1199 681 1376 720 animae

47 742 404 778 consumeretur.
467 737 588 787 Quid
622 744 887 779 cunctamur
908 738 1074 791 igitur,
1109 737 1272 777 relicta
1298 749 1376 790 spe

46 794 240 843 saeculi,
268 793 478 834 conferre
504 807 588 834 nos
613 799 739 835 totos
760 795 817 834 ad
836 793 1143 847 quaerendum
1165 793 1311 832 Deum
1333 799 1378 832 et

46 852 183 889 vitam
196 850 403 890 beatamss
423 850 514 891 Sed
528 857 764 904 exspecta3
784 851 984 891 iocunda
996 854 1101 890 sunt
1119 850 1254 889 etiam
1267 850 1376 889 ista:

47 905 215 945 habent
242 918 332 945 non
356 919 540 960 parvam
566 907 854 947 dulcedinem
873 920 1021 955 suam3
1055 917 1145 945 non
1163 905 1301 945 facile
1322 905 1376 943 ab

47 962 113 1001 eis
134 962 441 1015 praecidenda
459 967 530 1002 est
545 963 755 1012 intentio,
770 964 878 1017 quia
894 968 1024 1016 turpe
1046 966 1116 1001 est
1134 961 1191 1001 ad
1211 975 1264 1001 ea
1283 974 1376 1000 rur-

46 1031 145 1058 sum
177 1018 344 1058 redire.
404 1019 523 1058 Ecce
548 1019 637 1058 iam
663 1026 878 1072 quantum
906 1025 997 1068 est,
1033 1024 1082 1058 ut
1106 1018 1377 1070 impetretur

46 1074 211 1127 aliquis
232 1072 398 1114 honor!
426 1074 485 1114 Et
503 1075 611 1129 quid
632 1075 824 1128 amplius
842 1076 888 1115 in
907 1074 976 1115 his
997 1072 1378 1114 desiderandum?

47 1130 258 1184 Suppetit
282 1131 531 1171 amicorum
555 1131 779 1171 maiorum
807 1132 962 1185 copia,
990 1136 1037 1171 ut
1055 1129 1170 1170 nihil
1189 1130 1312 1170 aliud
1333 1135 1378 1169 et

44 1186 232 1226 multum
258 1185 552 1237 festinemus,
587 1187 662 1228 vel
684 1188 973 1241 praesidatus
1000 1187 1099 1227 dari
1124 1191 1297 1240 potest3
1332 1191 1378 1226 et

46 1242 254 1283 ducenda
278 1256 394 1283 uxor
419 1257 519 1283 cum
545 1244 699 1298 aliqua
721 1244 938 1297 pecunia,
963 1255 1019 1283 ne
1052 1248 1279 1296 sumptum
1299 1255 1374 1281 no-

46 1305 187 1338 strum
213 1305 391 1352 gravet,
420 1305 467 1340 et
491 1300 571 1339 ille
599 1301 688 1340 erit
709 1300 871 1340 modus
899 1299 1181 1352 cupiditatis.
1240 1298 1377 1338 Multi

45 1356 198 1408 magni
210 1356 295 1394 viri
317 1361 363 1395 et
385 1356 644 1395 imitatione
670 1356 929 1410 dignissimi
948 1355 1201 1408 sapientiae
1222 1353 1375 1394 studio

46 1423 143 1450 cum
173 1411 443 1464 coniugibus
464 1411 610 1452 dediti
627 1411 825 1452 fuerunt.
888 1412 998 1451 Cum
1018 1410 1130 1450 haec
1150 1410 1374 1459 dicebam,

46 1472 91 1505 et
109 1467 397 1507 alternabant
408 1466 453 1506 hi
472 1468 610 1518 venti,
624 1473 670 1508 et
687 1468 986 1521 impellebant
1004 1466 1091 1506 huc
1111 1472 1246 1520 atque
1263 1466 1375 1505 illuc

45 1535 124 1562 cor
144 1534 311 1571 meum,
331 1523 587 1563 transibant
603 1529 834 1577 tempora,
855 1529 900 1564 et
914 1522 1148 1563 tardabam
1169 1523 1377 1562 converti

45 1578 99 1618 ad
121 1578 389 1628 Dominum,
416 1585 461 1619 et
488 1578 759 1620 differebam
786 1580 839 1619 de
861 1579 932 1619 die
952 1580 996 1619 in
1018 1579 1137 1618 diem
1160 1579 1309 1618 vivere
1330 1578 1376 1617 in

45 1640 111 1681 te,
144 1639 189 1674 et
212 1647 301 1674 non
330 1633 600 1675 differebam
628 1636 835 1690 quotidie
860 1636 906 1676 in
930 1640 1098 1675 memet
1120 1636 1221 1688 ipso
1240 1636 1373 1675 mori.

49 1691 75 1729 A
90 1703 238 1730 mans
262 1691 473 1731 beatam
498 1692 688 1742 vitam,
708 1692 958 1732 timebam
982 1692 1137 1731 illam
1164 1692 1215 1730 in
1242 1691 1373 1730 sede.

46 1759 159 1796 sua,
190 1752 244 1787 et
272 1747 333 1786 ab
363 1759 425 1787 ea
452 1746 677 1802 fugiens
707 1749 1030 1802 quaerebam
1058 1760 1189 1787 eam.
1238 1747 1374 1787 Puta-

45 1802 148 1841 bam
168 1803 285 1842 enim
301 1815 373 1843 me
392 1804 609 1844 miserum
626 1803 727 1845 fore
742 1805 889 1855 nimis,
902 1805 941 1845 si
956 1804 1153 1844 feminae
1169 1803 1376 1856 privarer

47 1858 347 1911 amplexibu83
370 1864 415 1900 et
424 1860 696 1901 medicinam
709 1861 1055 1901 misericordiae
1066 1866 1173 1900 tuae
1185 1859 1241 1899 ad
1257 1872 1374 1899 eam-

46 1913 146 1953 dem
165 1914 473 1956 infirmitatem
492 1916 739 1957 sanandam
755 1930 846 1957 non
866 1917 1146 1971 cogitabam,
1174 1917 1280 1970 quia
1299 1929 1373 1956 ex-

44 1975 199 2022 pertus
211 1983 302 2011 non
318 1983 461 2022 eram3
483 1973 827 2026 etpropriarum
838 1974 1001 2013 virium
1015 1972 1257 2013 credebam
1270 1984 1372 2011 esse

48 2026 395 2077 continentiam,
422 2040 610 2081 quarum
626 2028 738 2070 mihi
755 2042 847 2070 non
866 2042 989 2070 eram
1010 2029 1244 2077 conscius,
1273 2040 1374 2067 cum

46 2088 137 2121 tam
164 2083 329 2123 stultus
350 2095 521 2134 essem,
548 2090 598 2125 ut
620 2086 867 2135 nescirem,
896 2086 1015 2126 sicut
1039 2085 1256 2137 scriptum
1282 2088 1372 2123 est:

47 2137 390 2192 neminemposse
399 2153 485 2180 esse
495 2140 893 2191 continentem‚nisi
903 2148 948 2181 m
959 2139 1370 2192 dederis.(Sapient.

47 2192 86 2241 8,
101 2195 187 2243 21.)
238 2195 400 2249 Utique
421 2196 576 2246 dares,
596 2197 633 2237 si
655 2198 829 2252 gemitu
845 2199 1026 2237 interno
1046 2196 1276 2249 pulsarem
1297 2207 1369 2234 au·

47 2261 119 2290 res
141 2255 256 2302 tuas,
278 2257 324 2292 et
342 2252 430 2293 fide
450 2252 598 2293 solida
619 2253 660 2294 in
679 2259 725 2295 te
743 2254 961 2294 iactarem
982 2265 1134 2293 curam
1155 2263 1316 2291 meam.
