1514 2438
260 136 804 180 CONFESSIONUM
835 137 1041 180 LIBER
1070 139 1154 180 XI.
1284 138 1364 179 215

38 222 117 263 ubi
135 233 225 262 non
246 228 345 262 erat
360 227 551 277 tempus.
609 222 706 263 Nec
724 228 774 264 tu
790 229 997 278 tempore
1015 230 1222 278 tempora
1237 236 1367 278 prae·

43 279 189 329 cedis;
240 278 445 332 alioquin
481 292 573 320 non
613 280 765 320 omnia
800 286 1010 335 tempora
1045 280 1365 335 praecederes.

40 333 131 375 Sed
163 336 400 388 praecedis
437 337 586 376 onmia
619 338 870 390 praeterita
894 337 1165 378 celsitudine
1189 349 1369 391 semper

37 392 294 444 praesentis
313 393 614 442 aeternitatis,
635 398 680 432 et
697 405 886 447 superas
907 395 1057 434 onmia
1074 392 1242 444 futura,
1263 394 1370 447 quia

37 447 120 486 illa
141 446 296 487 futura
320 453 445 498 sunt,
482 454 527 489 et
550 461 651 488 cum
676 451 903 500 venerint,
938 450 1190 504 praeterita
1215 454 1366 500 erunt;

37 509 88 543 tu
106 508 258 544 autem
276 504 398 545 idem
415 506 514 559 ipse
535 517 599 555 es,
621 510 666 545 et
684 507 790 546 anni
806 508 875 546 tui
892 519 983 546 non
1002 506 1233 546 deficiunt.
1279 505 1366 545 An-

37 560 85 599 ni
108 562 176 600 tui
192 572 276 600 nec
295 565 403 601 eunt
419 573 504 602 nee
521 562 729 613 veniunt3
760 562 841 603 isti
859 567 1011 603 autem
1027 562 1176 603 nostri
1195 567 1241 602 et
1259 566 1368 602 eunt

40 620 86 655 et
103 616 308 667 veniunt,
334 625 385 657 ut
403 629 559 658 omnes
578 618 776 659 veniant.
838 617 952 659 Anni
968 619 1037 659 tui
1057 630 1212 659 omnes
1233 617 1369 658 simul

38 677 173 723 stant,
195 675 409 726 quoniam
427 679 564 724 stant,
582 686 667 714 nec
685 679 844 715 euntes
864 688 890 714 a
906 675 1194 716 venientibus
1215 674 1367 715 exclu-

38 728 223 779 duntur,
251 730 356 783 quia
374 742 465 770 non
482 735 741 782 transeunt3
773 731 853 771 isti
871 737 1023 772 autem
1041 731 1189 772 nostri
1208 742 1366 771 omnes

37 789 190 835 erunt,
213 798 312 825 cum
333 798 490 827 omnes
510 799 600 826 non
623 791 768 827 erunt.
827 788 944 829 Anni
959 789 1027 828 tui
1046 787 1143 828 dies
1162 801 1298 837 unus,
1320 792 1367 826 et

38 841 135 881 dies
167 847 273 882 tuus
298 854 390 882 non
415 843 646 896 quotidie,
682 843 763 883 sed
786 841 948 894 hodie,
984 844 1090 898 quia
1112 842 1364 884 hodiernus

33 902 138 937 tuus
169 910 264 938 non
297 898 421 938 cedit
456 900 679 950 crastin03
712 911 860 953 neque
895 901 1015 941 enim
1055 900 1262 941 succedit
1285 898 1361 939 he-

35 959 208 995 sterno.
243 954 512 995 Hodiernus
530 960 635 996 tuus
655 957 924 1008 aeternitas3
943 957 1049 998 ideo
1071 961 1367 997 coaeternum

38 1010 256 1064 genuisti,
276 1011 350 1051 cui
367 1012 542 1051 dixisti:
575 1010 679 1066 Ego
699 1011 826 1053 hodie
840 1013 979 1066 genui
995 1020 1048 1053 te.
1072 1011 1167 1062 (Ps.
1188 1014 1227 1062 2,
1245 1012 1285 1052 7.
1308 1010 1365 1052 cf.

34 1066 179 1107 Hebr.
200 1066 239 1117 5,
259 1066 320 1118 5.)
355 1066 518 1108 Omnia
534 1072 745 1122 tempora
761 1074 813 1108 tu
832 1068 1003 1120 fecisti,
1024 1074 1071 1109 et
1089 1073 1191 1109 ante
1215 1068 1367 1108 omnia

35 1128 243 1177 tempora
258 1128 309 1164 tu
327 1135 391 1174 es,
411 1136 496 1164 nec
515 1124 671 1179 aliquo
691 1129 899 1178 tempore
917 1138 1009 1166 non
1028 1130 1128 1166 erat
1141 1130 1336 1179 tempus.

120 1180 167 1220 C.
192 1178 312 1221 XIV.
372 1179 511 1222 Nullo
555 1193 666 1236 ergo
705 1186 914 1236 tempore
949 1195 1041 1223 non
1073 1181 1253 1222 feceras
1287 1179 1367 1221 ali·

37 1236 164 1289 quid,
191 1236 298 1290 quia
320 1236 469 1291 ipsum
486 1242 665 1291 tempus
684 1242 735 1278 tu
752 1237 953 1290 feceras3
987 1243 1033 1279 et
1049 1238 1176 1278 nulla
1192 1243 1367 1291 ternpo-

32 1303 86 1332 ra
116 1293 202 1333 tibi
228 1298 476 1333 coaeterna
500 1299 625 1344 sunt,
660 1296 767 1348 quia
788 1300 838 1334 tu
860 1307 1119 1348 permanes:
1152 1299 1199 1333 at
1223 1293 1305 1334 illa
1328 1294 1370 1332 si

33 1354 379 1402 permanerent,
413 1361 506 1389 non
541 1355 697 1390 essent
726 1355 948 1404 tempora.
1011 1350 1131 1398 Quid
1156 1350 1274 1389 enim
1300 1355 1371 1389 est

34 1404 240 1458 tempus?
272 1404 384 1454 Quis
419 1403 507 1446 hoc
544 1404 682 1445 facile
714 1405 1008 1459 breviterque
1044 1405 1367 1460 explicarerit‘}

38 1461 150 1509 Quis
175 1459 264 1501 hoc
289 1460 347 1500 ad
364 1460 551 1501 verbum
576 1461 630 1501 de
655 1461 736 1501 illo
758 1461 1081 1516 proferendum
1098 1462 1173 1501 rel
1192 1464 1364 1515 cogita-

33 1519 162 1557 tione
183 1515 606 1570 comprehenderit'.l
625 1517 745 1566 Quid
764 1523 915 1558 autem
934 1518 1204 1558 familiarius
1224 1524 1270 1558 et
1287 1530 1366 1558 no-

36 1575 127 1613 tius
161 1573 207 1613 in
230 1573 461 1627 loquendo
488 1586 895 1614 commemoramus
921 1587 1052 1628 quam
1075 1573 1277 1627 tempus'!
1309 1573 1368 1613 Et

35 1629 340 1684 intelligimus
373 1630 554 1683 utique,
591 1643 691 1670 cuni
713 1630 761 1670 id
784 1631 1033 1683 loquimur,
1065 1630 1365 1683 intelligimus

38 1686 196 1736 etiam,
222 1699 322 1726 cum
341 1685 431 1726 alio
450 1686 669 1739 loquente
687 1686 734 1726 id
753 1687 975 1727 audimus.
1025 1685 1145 1734 Quid
1164 1692 1235 1726 est
1253 1698 1364 1739 ergo

35 1742 240 1794 tempus&
272 1741 320 1783 Si
342 1754 475 1782 nemo
503 1754 558 1782 ex
580 1755 651 1782 me
677 1748 886 1796 quaerat,
912 1745 1030 1794 scio;
1065 1743 1105 1784 si
1129 1742 1368 1796 quaerenti

39 1798 269 1850 explicare
294 1798 451 1848 velim,
487 1799 668 1850 nesci03
701 1799 896 1839 fidenter
916 1805 1070 1839 tamen
1095 1799 1219 1849 dico,
1248 1800 1368 1839 scire

20 1855 123 1893 me.
169 1854 303 1902 Quod
323 1856 361 1894 si
379 1853 494 1894 nihil
510 1855 798 1909 praeteriret,
818 1868 909 1896 non
929 1861 1053 1896 esset
1068 1855 1368 1909 praeteritum

37 1916 236 1963 tempus3
268 1916 314 1950 et
332 1912 370 1951 si
388 1909 503 1950 nihil
521 1911 770 1962 adveniret,
790 1924 881 1952 non
900 1917 1025 1953 esset
1041 1911 1245 1952 futurum
1258 1916 1370 1950 tem-

37 1978 143 2018 pus3
178 1971 224 2006 et
255 1967 294 2007 si
330 1965 446 2005 nihil
480 1972 624 2018 esset,
659 1980 749 2008 non
786 1974 911 2009 esset
932 1980 1150 2022 praesens
1175 1972 1369 2019 tempus.

37 2020 141 2062 Duo
163 2034 273 2076 ergo
293 2022 374 2062 illa
392 2027 621 2076 tempora,
648 2026 947 2077 praeteritum
967 2030 1013 2065 et
1029 2024 1253 2072 futurum,
1280 2033 1367 2074 quo

37 2078 175 2117 modo
196 2083 314 2128 sunt,
336 2078 517 2131 quando
540 2084 586 2119 et
597 2081 897 2132 praeteritum
915 2082 1006 2121 iam
1023 2093 1114 2121 non
1134 2084 1217 2128 est,
1239 2082 1284 2117 et
1302 2076 1369 2116 fu-

38 2139 189 2173 turum
213 2135 414 2174 nondum
441 2134 535 2174 est'!
565 2134 792 2177 Praesens
819 2143 969 2177 autem
989 2137 1029 2177 si
1048 2146 1227 2188 semper
1246 2137 1370 2173 esset

37 2201 274 2242 praesens,
292 2191 442 2230 necin
458 2192 756 2244 praeteritum
774 2194 1007 2242 transiret,
1024 2192 1114 2231 iam
1134 2203 1224 2230 non
1244 2192 1368 2229 esset

39 2252 232 2299 tempus,
253 2246 335 2287 sed
354 2247 616 2288 aeternitas.
672 2246 721 2289 Si
740 2260 850 2302 ergo
869 2260 1103 2303 praesens,
1124 2251 1173 2286 ut
1190 2250 1367 2299 tempus
