1514 2438
284 117 827 159 CONFESSIONUM
857 117 1063 158 LIBER
1094 117 1155 158 11.
1330 118 1381 158 27

49 203 251 245 noveris.
310 203 578 256 Ignorantia
595 215 775 257 quoque
795 204 893 257 ipsa
911 209 1045 256 atque
1066 201 1261 242 stultitia
1281 201 1383 241 sim-

52 259 272 315 plicitatis
314 264 359 299 et
398 259 689 300 innocentiae
730 260 911 299 nomine
951 259 1147 312 tegitur:
1187 258 1293 312 quia
1332 263 1384 297 te

55 316 363 370 simplicius
395 315 690 368 quidquam
711 328 815 355 non
843 316 1137 369 reperitur.
1201 314 1320 363 Quid
1339 320 1384 353 te

57 379 208 413 autem
230 371 550 412 innocentius}
582 371 963 425 Quandoquidem
990 383 1130 424 opera
1154 383 1237 411 sua
1252 370 1386 409 malis

56 429 242 469 inimica
281 432 399 468 sunt.
459 427 518 467 Et
554 428 739 482 ignavia
778 429 908 481 quasi
948 428 1145 480 quietem
1191 427 1386 479 adpetit:

56 497 171 539 quae
203 496 310 525 vero
347 483 475 538 quies
508 489 634 524 certa
666 491 850 536 praeter
879 483 1151 524 Dominum&
1181 482 1388 523 Luxuria

57 541 317 582 satietatem
356 546 491 592 atque
533 540 856 580 abundantiam
890 552 938 579 se
975 541 1099 592 cupit
1129 539 1306 589 vocari3
1338 545 1389 578 tu

57 603 207 637 autem
233 608 281 636 es
307 597 568 648 plenitudo,
598 596 643 636 e't
666 596 937 636 iudeficiens
964 594 1387 648 copiaincorrupti-

54 653 160 693 bilis
193 652 447 693 suavitatis.
508 651 687 692 Effusio
730 652 1022 692 liberalitatis
1059 650 1267 690 obtendit
1295 663 1388 689 um-

53 710 201 750 bram:
221 709 303 749 sed
318 708 544 748 bonorum
565 709 764 748 omnium
783 708 978 762 largitor
996 706 1388 747 adfluentissimus

55 772 104 807 tu
129 778 193 806 eS.
254 764 455 804 Avaritia
480 765 621 805 multa
636 765 876 818 possidere
894 764 1011 815 >vult3
1046 769 1093 803 et
1108 768 1158 802 tu
1174 763 1389 815 possides

58 822 223 863 omnia.
282 820 539 861 Invidentia
579 822 634 860 de
677 821 953 862 excellentia
988 820 1162 873 litigat:
1197 819 1304 872 quid
1342 824 1389 858 te

61 877 388 918 excellentiust
417 877 490 916 Ira
522 878 768 917 vindictam
801 877 998 931 quaerit:
1030 881 1076 916 te
1095 875 1261 915 iustius
1289 875 1389 927 quis

60 933 289 974 vindicat?
321 934 483 973 Timor
513 933 704 974 insolita
739 938 786 973 et
816 933 1058 986 repentina
1084 930 1389 980 exhorrescit,

58 990 195 1030 rebus
237 1001 351 1043 quae
395 995 603 1029 amantur
640 989 957 1039 adversantia,
998 989 1104 1029 dum
1143 992 1393 1041 praecavet

60 1046 317 1087 securitati:
349 1045 435 1085 tibi
468 1046 587 1085 enim
620 1046 729 1099 quid
760 1046 1021 1095 insolitum,
1056 1045 1166 1099 quid
1190 1043 1390 1097 repenti-

59 1101 190 1142 num‘.t
221 1107 299 1141 aut
331 1102 430 1154 quis
467 1114 493 1141 a
514 1106 559 1142 te
587 1108 794 1155 separat,
830 1102 950 1155 quod
978 1101 1164 1156 diligis?
1195 1105 1273 1140 aut
1294 1099 1388 1148 ubi,

59 1158 149 1198 nisi
167 1157 286 1210 apud
304 1163 364 1207 te,
386 1158 516 1197 firma
535 1158 791 1198 securitas'ss
822 1158 1038 1198 Tristitia
1053 1158 1191 1198 rebus
1208 1156 1389 1197 amissis

63 1214 362 1264 contabescit,
382 1214 545 1267 quibus
566 1227 615 1254 se
637 1214 900 1255 oblectabat
915 1215 1167 1268 cupiditas3
1202 1213 1309 1266 quia
1325 1212 1391 1251 ita

60 1270 147 1310 sibi
164 1270 331 1319 nollet,
359 1271 478 1310 sicut
501 1270 586 1310 tibi
612 1270 785 1310 auferri
804 1270 915 1311 nihil
934 1276 1101 1323 potest.
1162 1269 1231 1309 lta
1248 1268 1369 1307 iorni

61 1333 189 1366 catur
208 1327 357 1365 anima
375 1339 475 1366 cum
496 1328 717 1366 avertitur
735 1327 815 1366 abs
833 1333 879 1366 te
892 1357 902 1376 ,
933 1333 978 1366 et
997 1326 1178 1379 quaerit
1196 1330 1327 1363 extra
1343 1329 1388 1362 te

62 1395 135 1431 ea,
167 1393 281 1435 quae
307 1394 420 1433 pura
447 1386 493 1421 et
514 1383 692 1435 liquida
708 1395 801 1422 non
818 1383 1013 1432 invenit,
1041 1383 1132 1421 nisi
1150 1393 1251 1420 cum
1268 1380 1391 1419 redit

61 1438 118 1477 ad
140 1443 203 1478 te.
263 1436 487 1478 Perverse
516 1443 559 1478 te
578 1438 815 1478 imitantur
833 1450 1014 1488 omnes,
1040 1438 1117 1490 qui
1136 1437 1276 1489 longe
1295 1447 1344 1475 se
1364 1447 1391 1474 a

59 1501 104 1534 te
130 1493 326 1543 faciunt,
355 1499 401 1533 et
426 1494 656 1534 extollunt
675 1506 725 1534 se
753 1494 994 1534 adversum
1017 1499 1080 1533 te.
1142 1492 1233 1533 Sed
1252 1491 1390 1531 etiam

60 1551 126 1590 sic
151 1555 196 1590 te
220 1550 442 1590 imitando
466 1550 673 1590 indicant
691 1556 948 1591 creatorem
962 1557 1007 1590 te
1027 1561 1128 1590 esse
1150 1549 1295 1589 omnis
1314 1560 1388 1586 na-

60 1613 213 1657 turae3
248 1612 293 1646 et
309 1607 414 1646 ideo
435 1619 525 1646 non
542 1619 660 1656 esse,
681 1619 770 1659 quo
793 1620 819 1646 a
835 1612 881 1647 te
902 1607 1026 1647 omni
1042 1606 1180 1646 modo
1201 1603 1370 1644 receda

59 1669 145 1702 tur.
209 1662 330 1711 Quid
359 1674 471 1716 ergo
504 1663 550 1702 in
575 1662 657 1702 illo
682 1662 806 1703 furto
835 1676 922 1717 ego
952 1662 1120 1703 dilexite
1153 1667 1198 1701 et
1222 1661 1270 1699 in
1296 1672 1385 1712 quo

58 1717 307 1759 Dominum
330 1730 480 1758 meum
504 1719 579 1759 vel
592 1719 761 1759 vitiose
792 1725 928 1773 atque
946 1730 1163 1773 perverse
1182 1717 1387 1757 imitatus

61 1774 187 1815 sums.t
215 1776 282 1815 An
299 1775 434 1815 libuit
451 1773 606 1815 facere
625 1781 786 1815 contra
803 1775 976 1830 legem,
1003 1775 1167 1816 saltem
1184 1772 1388 1820 fallacia,

60 1831 167 1884 quia
187 1835 429 1883 potentatu
453 1843 544 1871 non
570 1837 802 1884 poteram,
826 1838 878 1872 ut
903 1844 1110 1872 mancam
1127 1830 1389 1871 libertatem

60 1887 265 1940 captivus
288 1888 495 1927 imitarer
517 1887 731 1928 faciendo
757 1888 941 1941 impune
960 1888 1083 1942 quod
1100 1899 1191 1927 non
1209 1886 1389 1929 liceret,

59 1943 306 1983 tenebrosa
335 1943 696 1996 omnipotentiae
727 1944 1053 1985 similitudine&

142 1999 190 2040 C.
223 1999 319 2040 Vll.
380 1999 499 2039 Ecce
533 2006 604 2040 est
635 2001 714 2040 ille
748 2013 907 2041 servus
931 2000 1115 2054 fugiens
1138 1998 1387 2039 Dominum

59 2067 211 2105 suum,
246 2061 292 2095 et
316 2062 591 2095 consecutus
617 2057 836 2097 umbram.
900 2056 937 2096 Ο
955 2056 1151 2109 putredo
1168 2085 1179 2105 ,
1209 2067 1234 2094 o
1259 2065 1383 2092 mon-

60 2119 201 2150 strum
233 2112 353 2151 vitae
389 2117 435 2151 et
465 2113 626 2152 mortis
652 2112 962 2165 profunditas!
998 2112 1215 2152 Potuitne
1239 2109 1384 2148 libere

63 2166 182 2218 quod
200 2180 289 2207 non
308 2168 491 2216 licebat,
510 2180 602 2208 non
622 2168 679 2208 ob
698 2169 838 2218 aliud,
858 2169 948 2208 nisi
963 2168 1070 2221 quia
1083 2179 1173 2207 non
1192 2163 1386 2205 licebat?

64 2221 182 2270 Quid
200 2223 449 2263 retribuam
467 2223 688 2275 Domino,
714 2225 837 2278 quod
854 2225 1021 2265 recolit
1038 2223 1152 2262 haec
1168 2219 1390 2262 memori:⁴
