<?xml version="1.0" encoding="UTF-8"?>
<!DOCTYPE html PUBLIC "-//W3C//DTD XHTML 1.0 Transitional//EN"
    "http://www.w3.org/TR/xhtml1/DTD/xhtml1-transitional.dtd">
<html xmlns="http://www.w3.org/1999/xhtml" xml:lang="en" lang="en">
 <head>
  <title>
</title>
<meta http-equiv="Content-Type" content="text/html;charset=utf-8" />
  <meta name='ocr-system' content='tesseract 3.04.00' />
  <meta name='ocr-capabilities' content='ocr_page ocr_carea ocr_par ocr_line ocrx_word'/>
</head>
<body>
  <div class='ocr_page' id='page_1' title='image "./saureliiaugustin00augu_0289.png"; bbox 0 0 1514 2438; ppageno 0'>
   <div class='ocr_carea' id='block_1_1' title="bbox 277 96 1400 140">
    <p class='ocr_par' dir='ltr' id='par_1_1' title="bbox 277 96 1400 140">
     <span class='ocr_line' id='line_1_1' title="bbox 277 96 1400 140; baseline 0.001 -1"><span class='ocrx_word' id='word_1_1' title='bbox 277 96 803 140; x_wconf 88' lang='lat' dir='ltr'>CONFESSIONUM</span> <span class='ocrx_word' id='word_1_2' title='bbox 831 97 1034 139; x_wconf 89' lang='lat' dir='ltr'><strong>LIBER</strong></span> <span class='ocrx_word' id='word_1_3' title='bbox 1063 98 1199 140; x_wconf 87' lang='lat' dir='ltr'><strong>XIII.</strong></span> <span class='ocrx_word' id='word_1_4' title='bbox 1320 99 1400 140; x_wconf 73' lang='lat'>263</span> 
     </span>
    </p>
   </div>
   <div class='ocr_carea' id='block_1_2' title="bbox 65 183 1406 2252">
    <p class='ocr_par' dir='ltr' id='par_1_2' title="bbox 71 183 1406 909">
     <span class='ocr_line' id='line_1_2' title="bbox 79 183 1401 237; baseline -0.001 -12"><span class='ocrx_word' id='word_1_5' title='bbox 79 183 288 233; x_wconf 87' lang='lat' dir='ltr'>stinctio,</span> <span class='ocrx_word' id='word_1_6' title='bbox 312 185 467 225; x_wconf 72' lang='lat' dir='ltr'>videat</span> <span class='ocrx_word' id='word_1_7' title='bbox 491 185 566 237; x_wconf 87' lang='lat' dir='ltr'>qui</span> <span class='ocrx_word' id='word_1_8' title='bbox 585 188 753 237; x_wconf 88' lang='lat' dir='ltr'>potest.</span> <span class='ocrx_word' id='word_1_9' title='bbox 815 183 950 223; x_wconf 84' lang='lat' dir='ltr'><strong>Certe</strong></span> <span class='ocrx_word' id='word_1_10' title='bbox 970 195 1123 223; x_wconf 88' lang='lat' dir='ltr'>coram</span> <span class='ocrx_word' id='word_1_11' title='bbox 1142 195 1190 223; x_wconf 88' lang='lat' dir='ltr'>se</span> <span class='ocrx_word' id='word_1_12' title='bbox 1212 188 1300 232; x_wconf 85' lang='lat' dir='ltr'>est,</span> <span class='ocrx_word' id='word_1_13' title='bbox 1326 184 1401 224; x_wconf 89' lang='lat' dir='ltr'>ad-</span> 
     </span>
     <span class='ocr_line' id='line_1_3' title="bbox 75 238 1402 290; baseline 0 -10"><span class='ocrx_word' id='word_1_14' title='bbox 75 239 236 281; x_wconf 82' lang='lat' dir='ltr'>tendat</span> <span class='ocrx_word' id='word_1_15' title='bbox 251 241 298 280; x_wconf 89' lang='lat' dir='ltr'>in</span> <span class='ocrx_word' id='word_1_16' title='bbox 318 253 388 290; x_wconf 88' lang='lat' dir='ltr'>se,</span> <span class='ocrx_word' id='word_1_17' title='bbox 408 245 453 280; x_wconf 90' lang='lat' dir='ltr'>et</span> <span class='ocrx_word' id='word_1_18' title='bbox 470 240 637 290; x_wconf 77' lang='lat' dir='ltr'>videat,</span> <span class='ocrx_word' id='word_1_19' title='bbox 661 244 707 279; x_wconf 84' lang='lat' dir='ltr'>et</span> <span class='ocrx_word' id='word_1_20' title='bbox 726 239 848 279; x_wconf 90' lang='lat' dir='ltr'>dicat</span> <span class='ocrx_word' id='word_1_21' title='bbox 863 238 989 279; x_wconf 90' lang='lat' dir='ltr'>mihi.</span> <span class='ocrx_word' id='word_1_22' title='bbox 1051 239 1141 280; x_wconf 88' lang='lat' dir='ltr'>Sed</span> <span class='ocrx_word' id='word_1_23' title='bbox 1160 251 1260 279; x_wconf 91' lang='lat' dir='ltr'>cum</span> <span class='ocrx_word' id='word_1_24' title='bbox 1279 240 1402 280; x_wconf 90' lang='lat' dir='ltr'>inve-</span> 
     </span>
     <span class='ocr_line' id='line_1_4' title="bbox 75 294 1402 350; baseline 0 -14"><span class='ocrx_word' id='word_1_25' title='bbox 75 296 196 336; x_wconf 90' lang='lat' dir='ltr'>nerit</span> <span class='ocrx_word' id='word_1_26' title='bbox 220 296 266 335; x_wconf 92' lang='lat' dir='ltr'>in</span> <span class='ocrx_word' id='word_1_27' title='bbox 291 294 361 337; x_wconf 91' lang='lat' dir='ltr'>his</span> <span class='ocrx_word' id='word_1_28' title='bbox 380 296 553 350; x_wconf 88' lang='lat' dir='ltr'>aliquid</span> <span class='ocrx_word' id='word_1_29' title='bbox 572 301 617 336; x_wconf 90' lang='lat' dir='ltr'>et</span> <span class='ocrx_word' id='word_1_30' title='bbox 637 296 829 345; x_wconf 82' lang='lat' dir='ltr'>dixerit,</span> <span class='ocrx_word' id='word_1_31' title='bbox 854 308 943 335; x_wconf 94' lang='lat' dir='ltr'>non</span> <span class='ocrx_word' id='word_1_32' title='bbox 962 296 1052 335; x_wconf 87' lang='lat' dir='ltr'>iam</span> <span class='ocrx_word' id='word_1_33' title='bbox 1071 308 1120 335; x_wconf 88' lang='lat' dir='ltr'>se</span> <span class='ocrx_word' id='word_1_34' title='bbox 1137 300 1267 348; x_wconf 87' lang='lat' dir='ltr'>putet</span> <span class='ocrx_word' id='word_1_35' title='bbox 1279 297 1402 336; x_wconf 84' lang='lat' dir='ltr'>inve-</span> 
     </span>
     <span class='ocr_line' id='line_1_5' title="bbox 73 351 1401 406; baseline 0 -14"><span class='ocrx_word' id='word_1_36' title='bbox 73 353 197 392; x_wconf 87' lang='lat' dir='ltr'>nisse</span> <span class='ocrx_word' id='word_1_37' title='bbox 216 352 351 403; x_wconf 89' lang='lat' dir='ltr'>illud,</span> <span class='ocrx_word' id='word_1_38' title='bbox 372 352 493 406; x_wconf 91' lang='lat' dir='ltr'>quod</span> <span class='ocrx_word' id='word_1_39' title='bbox 511 365 648 405; x_wconf 83' lang='lat' dir='ltr'>supra</span> <span class='ocrx_word' id='word_1_40' title='bbox 664 352 754 392; x_wconf 89' lang='lat' dir='ltr'>ista</span> <span class='ocrx_word' id='word_1_41' title='bbox 775 357 845 392; x_wconf 90' lang='lat' dir='ltr'>est</span> <span class='ocrx_word' id='word_1_42' title='bbox 860 351 1257 402; x_wconf 84' lang='lat' dir='ltr'>incommutabile,</span> <span class='ocrx_word' id='word_1_43' title='bbox 1277 351 1401 406; x_wconf 93' lang='lat' dir='ltr'>quod</span> 
     </span>
     <span class='ocr_line' id='line_1_6' title="bbox 77 407 1400 458; baseline 0 -10"><span class='ocrx_word' id='word_1_44' title='bbox 77 413 148 448; x_wconf 88' lang='lat' dir='ltr'>est</span> <span class='ocrx_word' id='word_1_45' title='bbox 180 408 632 458; x_wconf 85' lang='lat' dir='ltr'>incommutabiliter,</span> <span class='ocrx_word' id='word_1_46' title='bbox 670 413 716 447; x_wconf 90' lang='lat' dir='ltr'>et</span> <span class='ocrx_word' id='word_1_47' title='bbox 748 409 835 448; x_wconf 87' lang='lat' dir='ltr'>scit</span> <span class='ocrx_word' id='word_1_48' title='bbox 857 407 1317 457; x_wconf 86' lang='lat' dir='ltr'>incommutabiliter,</span> <span class='ocrx_word' id='word_1_49' title='bbox 1354 414 1400 448; x_wconf 88' lang='lat' dir='ltr'>et</span> 
     </span>
     <span class='ocr_line' id='line_1_7' title="bbox 71 462 1400 517; baseline -0.001 -13"><span class='ocrx_word' id='word_1_50' title='bbox 71 465 171 504; x_wconf 86' lang='lat' dir='ltr'>vult</span> <span class='ocrx_word' id='word_1_51' title='bbox 200 465 652 506; x_wconf 81' lang='lat' dir='ltr'>incommutabiliter.</span> <span class='ocrx_word' id='word_1_52' title='bbox 712 464 771 503; x_wconf 92' lang='lat' dir='ltr'>Et</span> <span class='ocrx_word' id='word_1_53' title='bbox 793 468 943 504; x_wconf 89' lang='lat' dir='ltr'>utrum</span> <span class='ocrx_word' id='word_1_54' title='bbox 966 469 1155 517; x_wconf 87' lang='lat' dir='ltr'>propter</span> <span class='ocrx_word' id='word_1_55' title='bbox 1176 465 1265 504; x_wconf 90' lang='lat' dir='ltr'>tria</span> <span class='ocrx_word' id='word_1_56' title='bbox 1287 462 1400 504; x_wconf 86' lang='lat' dir='ltr'>haec</span> 
     </span>
     <span class='ocr_line' id='line_1_8' title="bbox 75 518 1400 573; baseline -0.001 -12"><span class='ocrx_word' id='word_1_57' title='bbox 75 526 121 561; x_wconf 86' lang='lat' dir='ltr'>et</span> <span class='ocrx_word' id='word_1_58' title='bbox 144 521 210 561; x_wconf 92' lang='lat' dir='ltr'>ibi</span> <span class='ocrx_word' id='word_1_59' title='bbox 228 521 450 571; x_wconf 83' lang='lat' dir='ltr'>Trinitas,</span> <span class='ocrx_word' id='word_1_60' title='bbox 480 533 536 560; x_wconf 87' lang='lat' dir='ltr'>an</span> <span class='ocrx_word' id='word_1_61' title='bbox 554 521 601 560; x_wconf 91' lang='lat' dir='ltr'>in</span> <span class='ocrx_word' id='word_1_62' title='bbox 620 520 812 573; x_wconf 82' lang='lat' dir='ltr'>singulis</span> <span class='ocrx_word' id='word_1_63' title='bbox 833 518 947 560; x_wconf 85' lang='lat' dir='ltr'>haec</span> <span class='ocrx_word' id='word_1_64' title='bbox 966 521 1075 569; x_wconf 83' lang='lat' dir='ltr'>tria,</span> <span class='ocrx_word' id='word_1_65' title='bbox 1098 525 1149 560; x_wconf 94' lang='lat' dir='ltr'>ut</span> <span class='ocrx_word' id='word_1_66' title='bbox 1163 525 1295 560; x_wconf 85' lang='lat' dir='ltr'>terna</span> <span class='ocrx_word' id='word_1_67' title='bbox 1312 521 1400 560; x_wconf 90' lang='lat' dir='ltr'>sin-</span> 
     </span>
     <span class='ocr_line' id='line_1_9' title="bbox 73 576 1402 630; baseline -0.001 -14"><span class='ocrx_word' id='word_1_68' title='bbox 73 576 285 630; x_wconf 83' lang='lat' dir='ltr'>gulorum</span> <span class='ocrx_word' id='word_1_69' title='bbox 318 577 427 616; x_wconf 90' lang='lat' dir='ltr'>sint:</span> <span class='ocrx_word' id='word_1_70' title='bbox 463 589 516 616; x_wconf 81' lang='lat' dir='ltr'>an</span> <span class='ocrx_word' id='word_1_71' title='bbox 541 582 781 629; x_wconf 85' lang='lat' dir='ltr'>utrumque</span> <span class='ocrx_word' id='word_1_72' title='bbox 807 577 935 616; x_wconf 89' lang='lat' dir='ltr'>miris</span> <span class='ocrx_word' id='word_1_73' title='bbox 959 576 1107 616; x_wconf 90' lang='lat' dir='ltr'>modis</span> <span class='ocrx_word' id='word_1_74' title='bbox 1133 576 1402 629; x_wconf 88' lang='lat' dir='ltr'>simpliciter</span> 
     </span>
     <span class='ocr_line' id='line_1_10' title="bbox 74 632 1406 685; baseline 0 -13"><span class='ocrx_word' id='word_1_75' title='bbox 74 637 120 672; x_wconf 88' lang='lat' dir='ltr'>et</span> <span class='ocrx_word' id='word_1_76' title='bbox 136 632 455 685; x_wconf 90' lang='lat' dir='ltr'>multipliciter</span> <span class='ocrx_word' id='word_1_77' title='bbox 470 632 649 673; x_wconf 89' lang='lat' dir='ltr'>infinito</span> <span class='ocrx_word' id='word_1_78' title='bbox 667 632 714 671; x_wconf 89' lang='lat' dir='ltr'>in</span> <span class='ocrx_word' id='word_1_79' title='bbox 732 644 781 672; x_wconf 90' lang='lat' dir='ltr'>se</span> <span class='ocrx_word' id='word_1_80' title='bbox 801 632 890 672; x_wconf 90' lang='lat' dir='ltr'>sibi</span> <span class='ocrx_word' id='word_1_81' title='bbox 907 632 995 672; x_wconf 88' lang='lat' dir='ltr'>fine</span> <span class='ocrx_word' id='word_1_82' title='bbox 1007 662 1018 682; x_wconf 94' lang='lat'>,</span> <span class='ocrx_word' id='word_1_83' title='bbox 1039 644 1127 685; x_wconf 93' lang='lat' dir='ltr'>quo</span> <span class='ocrx_word' id='word_1_84' title='bbox 1148 637 1232 681; x_wconf 90' lang='lat' dir='ltr'>est,</span> <span class='ocrx_word' id='word_1_85' title='bbox 1253 636 1300 672; x_wconf 86' lang='lat' dir='ltr'>et</span> <span class='ocrx_word' id='word_1_86' title='bbox 1316 632 1406 672; x_wconf 83' lang='lat' dir='ltr'>sibi</span> 
     </span>
     <span class='ocr_line' id='line_1_11' title="bbox 72 688 1401 741; baseline -0.001 -13"><span class='ocrx_word' id='word_1_87' title='bbox 72 693 231 728; x_wconf 89' lang='lat' dir='ltr'>notum</span> <span class='ocrx_word' id='word_1_88' title='bbox 259 694 349 739; x_wconf 90' lang='lat' dir='ltr'>est,</span> <span class='ocrx_word' id='word_1_89' title='bbox 376 694 422 728; x_wconf 90' lang='lat' dir='ltr'>et</span> <span class='ocrx_word' id='word_1_90' title='bbox 439 688 529 729; x_wconf 84' lang='lat' dir='ltr'>sibi</span> <span class='ocrx_word' id='word_1_91' title='bbox 546 688 714 728; x_wconf 85' lang='lat' dir='ltr'>sufficit</span> <span class='ocrx_word' id='word_1_92' title='bbox 734 688 1171 728; x_wconf 82' lang='lat' dir='ltr'>incommutabiliter</span> <span class='ocrx_word' id='word_1_93' title='bbox 1187 688 1234 728; x_wconf 91' lang='lat' dir='ltr'>id</span> <span class='ocrx_word' id='word_1_94' title='bbox 1251 688 1401 741; x_wconf 91' lang='lat' dir='ltr'>ipsum</span> 
     </span>
     <span class='ocr_line' id='line_1_12' title="bbox 75 743 1400 798; baseline 0 -14"><span class='ocrx_word' id='word_1_95' title='bbox 75 744 265 797; x_wconf 88' lang='lat' dir='ltr'>copiosa</span> <span class='ocrx_word' id='word_1_96' title='bbox 299 745 488 784; x_wconf 85' lang='lat' dir='ltr'>unitatis</span> <span class='ocrx_word' id='word_1_97' title='bbox 514 743 849 798; x_wconf 83' lang='lat' dir='ltr'>magnitudine,</span> <span class='ocrx_word' id='word_1_98' title='bbox 883 744 983 796; x_wconf 89' lang='lat' dir='ltr'>quis</span> <span class='ocrx_word' id='word_1_99' title='bbox 1006 743 1143 785; x_wconf 83' lang='lat' dir='ltr'>facile</span> <span class='ocrx_word' id='word_1_100' title='bbox 1169 744 1400 797; x_wconf 85' lang='lat' dir='ltr'>cogitave-</span> 
     </span>
     <span class='ocr_line' id='line_1_13' title="bbox 73 799 1400 854; baseline 0 -14"><span class='ocrx_word' id='word_1_101' title='bbox 73 800 158 840; x_wconf 52' lang='lat' dir='ltr'>rit}</span> <span class='ocrx_word' id='word_1_102' title='bbox 191 799 303 848; x_wconf 80' lang='lat' dir='ltr'>Quis</span> <span class='ocrx_word' id='word_1_103' title='bbox 322 800 417 839; x_wconf 92' lang='lat' dir='ltr'>ullo</span> <span class='ocrx_word' id='word_1_104' title='bbox 439 800 575 840; x_wconf 90' lang='lat' dir='ltr'>modo</span> <span class='ocrx_word' id='word_1_105' title='bbox 597 799 789 841; x_wconf 55' lang='grc' dir='ltr'>11111111ῑῖι</span> <span class='ocrx_word' id='word_1_106' title='bbox 822 800 933 849; x_wconf 77' lang='lat' dir='ltr'>Quis</span> <span class='ocrx_word' id='word_1_107' title='bbox 953 799 1161 854; x_wconf 88' lang='lat' dir='ltr'>quolibet</span> <span class='ocrx_word' id='word_1_108' title='bbox 1176 799 1313 841; x_wconf 90' lang='lat' dir='ltr'>modo</span> <span class='ocrx_word' id='word_1_109' title='bbox 1334 805 1400 840; x_wconf 86' lang='lat' dir='ltr'>te-</span> 
     </span>
     <span class='ocr_line' id='line_1_14' title="bbox 73 856 605 909; baseline 0 -13"><span class='ocrx_word' id='word_1_110' title='bbox 73 868 198 896; x_wconf 88' lang='lat' dir='ltr'>mere</span> <span class='ocrx_word' id='word_1_111' title='bbox 216 856 605 909; x_wconf 66' lang='lat' dir='ltr'>pronuntiaveritZ</span> 
     </span>
    </p>

    <p class='ocr_par' dir='ltr' id='par_1_3' title="bbox 65 911 1401 2083">
     <span class='ocr_line' id='line_1_15' title="bbox 160 911 1399 964; baseline 0.002 -14"><span class='ocrx_word' id='word_1_112' title='bbox 160 912 207 951; x_wconf 91' lang='lat' dir='ltr'>C.</span> <span class='ocrx_word' id='word_1_113' title='bbox 234 912 331 951; x_wconf 88' lang='lat' dir='ltr'><strong>XII.</strong></span> <span class='ocrx_word' id='word_1_114' title='bbox 394 912 602 952; x_wconf 88' lang='lat' dir='ltr'>Procede</span> <span class='ocrx_word' id='word_1_115' title='bbox 626 913 673 952; x_wconf 89' lang='lat' dir='ltr'>in</span> <span class='ocrx_word' id='word_1_116' title='bbox 698 911 1014 964; x_wconf 87' lang='lat' dir='ltr'>confessione,</span> <span class='ocrx_word' id='word_1_117' title='bbox 1039 912 1152 953; x_wconf 88' lang='lat' dir='ltr'>fides</span> <span class='ocrx_word' id='word_1_118' title='bbox 1177 924 1298 962; x_wconf 87' lang='lat' dir='ltr'>mea,</span> <span class='ocrx_word' id='word_1_119' title='bbox 1326 913 1399 952; x_wconf 90' lang='lat' dir='ltr'>dic</span> 
     </span>
     <span class='ocr_line' id='line_1_16' title="bbox 73 967 1398 1018; baseline 0.001 -11"><span class='ocrx_word' id='word_1_120' title='bbox 73 967 275 1008; x_wconf 91' lang='lat' dir='ltr'>Domino</span> <span class='ocrx_word' id='word_1_121' title='bbox 308 967 409 1008; x_wconf 89' lang='lat' dir='ltr'>Deo</span> <span class='ocrx_word' id='word_1_122' title='bbox 445 973 545 1008; x_wconf 89' lang='lat' dir='ltr'>tuo:</span> <span class='ocrx_word' id='word_1_123' title='bbox 580 968 768 1018; x_wconf 84' lang='lat' dir='ltr'>Sancte,</span> <span class='ocrx_word' id='word_1_124' title='bbox 804 974 981 1018; x_wconf 89' lang='lat' dir='ltr'>sancte,</span> <span class='ocrx_word' id='word_1_125' title='bbox 1015 974 1172 1009; x_wconf 87' lang='lat' dir='ltr'>sancte</span> <span class='ocrx_word' id='word_1_126' title='bbox 1201 968 1398 1008; x_wconf 86' lang='lat' dir='ltr'>Domine</span> 
     </span>
     <span class='ocr_line' id='line_1_17' title="bbox 73 1023 1400 1077; baseline 0 -14"><span class='ocrx_word' id='word_1_127' title='bbox 73 1023 201 1064; x_wconf 91' lang='lat' dir='ltr'>Deus</span> <span class='ocrx_word' id='word_1_128' title='bbox 219 1036 369 1074; x_wconf 88' lang='lat' dir='ltr'>meus,</span> <span class='ocrx_word' id='word_1_129' title='bbox 395 1024 441 1064; x_wconf 91' lang='lat' dir='ltr'>in</span> <span class='ocrx_word' id='word_1_130' title='bbox 455 1025 637 1064; x_wconf 93' lang='lat' dir='ltr'>nomine</span> <span class='ocrx_word' id='word_1_131' title='bbox 657 1032 735 1064; x_wconf 85' lang='lat' dir='ltr'>tuo</span> <span class='ocrx_word' id='word_1_132' title='bbox 755 1025 978 1077; x_wconf 85' lang='lat' dir='ltr'>baptizati</span> <span class='ocrx_word' id='word_1_133' title='bbox 996 1038 1171 1075; x_wconf 87' lang='lat' dir='ltr'>sumus,</span> <span class='ocrx_word' id='word_1_134' title='bbox 1197 1024 1336 1065; x_wconf 86' lang='lat' dir='ltr'>Pater</span> <span class='ocrx_word' id='word_1_135' title='bbox 1354 1029 1400 1064; x_wconf 88' lang='lat' dir='ltr'>et</span> 
     </span>
     <span class='ocr_line' id='line_1_18' title="bbox 70 1079 1398 1145; baseline -0.001 -24"><span class='ocrx_word' id='word_1_136' title='bbox 70 1080 162 1121; x_wconf 88' lang='lat' dir='ltr'>Fili</span> <span class='ocrx_word' id='word_1_137' title='bbox 197 1085 244 1120; x_wconf 89' lang='lat' dir='ltr'>et</span> <span class='ocrx_word' id='word_1_138' title='bbox 276 1079 471 1133; x_wconf 87' lang='lat' dir='ltr'>Spiritus</span> <span class='ocrx_word' id='word_1_139' title='bbox 507 1086 686 1131; x_wconf 73' lang='lat' dir='ltr'>sancte,</span> <span class='ocrx_word' id='word_1_140' title='bbox 718 1081 762 1120; x_wconf 90' lang='lat' dir='ltr'>in</span> <span class='ocrx_word' id='word_1_141' title='bbox 786 1082 968 1121; x_wconf 90' lang='lat' dir='ltr'>nomine</span> <span class='ocrx_word' id='word_1_142' title='bbox 991 1087 1071 1121; x_wconf 93' lang='lat' dir='ltr'>tuo</span> <span class='ocrx_word' id='word_1_143' title='bbox 1097 1081 1398 1145; x_wconf 82' lang='lat' dir='ltr'>baptizamus,</span> 
     </span>
     <span class='ocr_line' id='line_1_19' title="bbox 72 1135 1400 1191; baseline 0.001 -16"><span class='ocrx_word' id='word_1_144' title='bbox 72 1135 213 1176; x_wconf 83' lang='lat' dir='ltr'>Pater</span> <span class='ocrx_word' id='word_1_145' title='bbox 238 1141 283 1176; x_wconf 91' lang='lat' dir='ltr'>et</span> <span class='ocrx_word' id='word_1_146' title='bbox 299 1135 390 1177; x_wconf 91' lang='lat' dir='ltr'>Fili</span> <span class='ocrx_word' id='word_1_147' title='bbox 416 1141 461 1177; x_wconf 88' lang='lat' dir='ltr'>et</span> <span class='ocrx_word' id='word_1_148' title='bbox 480 1136 676 1190; x_wconf 85' lang='lat' dir='ltr'>Spiritus</span> <span class='ocrx_word' id='word_1_149' title='bbox 700 1143 877 1188; x_wconf 74' lang='lat' dir='ltr'>sanc-te,</span> <span class='ocrx_word' id='word_1_150' title='bbox 913 1138 1019 1191; x_wconf 87' lang='lat' dir='ltr'>quia</span> <span class='ocrx_word' id='word_1_151' title='bbox 1043 1142 1089 1177; x_wconf 89' lang='lat' dir='ltr'>et</span> <span class='ocrx_word' id='word_1_152' title='bbox 1110 1137 1228 1191; x_wconf 84' lang='lat' dir='ltr'>apud</span> <span class='ocrx_word' id='word_1_153' title='bbox 1250 1149 1335 1177; x_wconf 90' lang='lat' dir='ltr'>nos</span> <span class='ocrx_word' id='word_1_154' title='bbox 1352 1137 1400 1176; x_wconf 89' lang='grc'>111</span> 
     </span>
     <span class='ocr_line' id='line_1_20' title="bbox 74 1190 1400 1248; baseline 0.001 -17"><span class='ocrx_word' id='word_1_155' title='bbox 74 1190 257 1232; x_wconf 85' lang='lat' dir='ltr'>Christo</span> <span class='ocrx_word' id='word_1_156' title='bbox 278 1205 360 1232; x_wconf 90' lang='lat' dir='ltr'>suo</span> <span class='ocrx_word' id='word_1_157' title='bbox 370 1192 492 1248; x_wconf 84' lang='lat' dir='ltr'>fecit</span> <span class='ocrx_word' id='word_1_158' title='bbox 507 1192 627 1233; x_wconf 79' lang='lat' dir='ltr'>Deus</span> <span class='ocrx_word' id='word_1_159' title='bbox 646 1193 810 1233; x_wconf 75' lang='lat' dir='ltr'>coelum</span> <span class='ocrx_word' id='word_1_160' title='bbox 829 1200 872 1233; x_wconf 84' lang='lat' dir='ltr'>et</span> <span class='ocrx_word' id='word_1_161' title='bbox 888 1199 1074 1242; x_wconf 84' lang='lat' dir='ltr'>terram,</span> <span class='ocrx_word' id='word_1_162' title='bbox 1102 1193 1333 1246; x_wconf 84' lang='lat' dir='ltr'>spiritales</span> <span class='ocrx_word' id='word_1_163' title='bbox 1353 1198 1400 1232; x_wconf 86' lang='lat' dir='ltr'>et</span> 
     </span>
     <span class='ocr_line' id='line_1_21' title="bbox 75 1247 1399 1302; baseline 0 -15"><span class='ocrx_word' id='word_1_164' title='bbox 75 1247 283 1288; x_wconf 83' lang='lat' dir='ltr'>carnales</span> <span class='ocrx_word' id='word_1_165' title='bbox 305 1249 530 1289; x_wconf 86' lang='lat' dir='ltr'>ecclesiae</span> <span class='ocrx_word' id='word_1_166' title='bbox 550 1261 674 1289; x_wconf 88' lang='lat' dir='ltr'>suae.</span> <span class='ocrx_word' id='word_1_167' title='bbox 733 1249 792 1288; x_wconf 91' lang='lat' dir='ltr'>Et</span> <span class='ocrx_word' id='word_1_168' title='bbox 810 1256 930 1289; x_wconf 81' lang='lat' dir='ltr'>terra</span> <span class='ocrx_word' id='word_1_169' title='bbox 947 1255 1121 1298; x_wconf 88' lang='lat' dir='ltr'>nostra,</span> <span class='ocrx_word' id='word_1_170' title='bbox 1140 1254 1244 1288; x_wconf 85' lang='lat' dir='ltr'>ante</span> <span class='ocrx_word' id='word_1_171' title='bbox 1265 1261 1399 1302; x_wconf 91' lang='lat' dir='ltr'>quam</span> 
     </span>
     <span class='ocr_line' id='line_1_22' title="bbox 74 1303 1398 1357; baseline 0 -14"><span class='ocrx_word' id='word_1_172' title='bbox 74 1304 306 1357; x_wconf 85' lang='lat' dir='ltr'>acciperet</span> <span class='ocrx_word' id='word_1_173' title='bbox 324 1303 520 1344; x_wconf 85' lang='lat' dir='ltr'>formam</span> <span class='ocrx_word' id='word_1_174' title='bbox 539 1304 797 1354; x_wconf 87' lang='lat' dir='ltr'>doctrinae,</span> <span class='ocrx_word' id='word_1_175' title='bbox 817 1303 1043 1344; x_wconf 77' lang='lat' dir='ltr'>invisibilis</span> <span class='ocrx_word' id='word_1_176' title='bbox 1063 1310 1161 1344; x_wconf 81' lang='lat' dir='ltr'>erat</span> <span class='ocrx_word' id='word_1_177' title='bbox 1177 1310 1219 1344; x_wconf 84' lang='lat' dir='ltr'>et</span> <span class='ocrx_word' id='word_1_178' title='bbox 1234 1303 1398 1343; x_wconf 81' lang='lat' dir='ltr'>incom-</span> 
     </span>
     <span class='ocr_line' id='line_1_23' title="bbox 65 1359 1400 1413; baseline 0 -14"><span class='ocrx_word' id='word_1_179' title='bbox 65 1359 235 1412; x_wconf 80' lang='lat' dir='ltr'>posita,</span> <span class='ocrx_word' id='word_1_180' title='bbox 266 1364 312 1399; x_wconf 91' lang='lat' dir='ltr'>et</span> <span class='ocrx_word' id='word_1_181' title='bbox 329 1360 618 1413; x_wconf 84' lang='lat' dir='ltr'>ignorantiae</span> <span class='ocrx_word' id='word_1_182' title='bbox 636 1359 839 1399; x_wconf 89' lang='lat' dir='ltr'>tenebris</span> <span class='ocrx_word' id='word_1_183' title='bbox 856 1360 1148 1413; x_wconf 84' lang='lat' dir='ltr'>tegebamur3</span> <span class='ocrx_word' id='word_1_184' title='bbox 1183 1360 1400 1413; x_wconf 89' lang='lat' dir='ltr'>quoniam</span> 
     </span>
     <span class='ocr_line' id='line_1_24' title="bbox 70 1414 1401 1468; baseline 0.001 -14"><span class='ocrx_word' id='word_1_185' title='bbox 70 1427 153 1468; x_wconf 89' lang='lat' dir='ltr'>pro</span> <span class='ocrx_word' id='word_1_186' title='bbox 178 1416 422 1468; x_wconf 89' lang='lat' dir='ltr'>iniquitate</span> <span class='ocrx_word' id='word_1_187' title='bbox 448 1415 639 1456; x_wconf 90' lang='lat' dir='ltr'>erudisti</span> <span class='ocrx_word' id='word_1_188' title='bbox 659 1414 908 1465; x_wconf 86' lang='lat' dir='ltr'>hominem,</span> <span class='ocrx_word' id='word_1_189' title='bbox 934 1421 979 1455; x_wconf 89' lang='lat' dir='ltr'>et</span> <span class='ocrx_word' id='word_1_190' title='bbox 995 1416 1167 1456; x_wconf 83' lang='lat' dir='ltr'>iudicia</span> <span class='ocrx_word' id='word_1_191' title='bbox 1182 1421 1263 1456; x_wconf 88' lang='lat' dir='ltr'>tua</span> <span class='ocrx_word' id='word_1_192' title='bbox 1281 1416 1401 1456; x_wconf 87' lang='lat' dir='ltr'>sicut</span> 
     </span>
     <span class='ocr_line' id='line_1_25' title="bbox 72 1470 1401 1526; baseline 0.002 -16"><span class='ocrx_word' id='word_1_193' title='bbox 72 1471 248 1525; x_wconf 76' lang='lat' dir='ltr'>abyssus</span> <span class='ocrx_word' id='word_1_194' title='bbox 268 1471 422 1511; x_wconf 85' lang='lat' dir='ltr'>multa.</span> <span class='ocrx_word' id='word_1_195' title='bbox 485 1471 575 1512; x_wconf 90' lang='lat' dir='ltr'>Sed</span> <span class='ocrx_word' id='word_1_196' title='bbox 595 1473 700 1524; x_wconf 88' lang='lat' dir='ltr'>quia</span> <span class='ocrx_word' id='word_1_197' title='bbox 719 1470 909 1524; x_wconf 77' lang='lat' dir='ltr'>Spiritus</span> <span class='ocrx_word' id='word_1_198' title='bbox 927 1478 1024 1511; x_wconf 83' lang='lat' dir='ltr'>tuus</span> <span class='ocrx_word' id='word_1_199' title='bbox 1041 1471 1401 1526; x_wconf 77' lang='lat' dir='ltr'>superferebatur</span> 
     </span>
     <span class='ocr_line' id='line_1_26' title="bbox 71 1527 1398 1581; baseline 0.001 -14"><span class='ocrx_word' id='word_1_200' title='bbox 71 1539 203 1581; x_wconf 81' lang='lat' dir='ltr'>super</span> <span class='ocrx_word' id='word_1_201' title='bbox 224 1540 405 1581; x_wconf 82' lang='lat' dir='ltr'>aquam,</span> <span class='ocrx_word' id='word_1_202' title='bbox 435 1539 527 1567; x_wconf 92' lang='lat' dir='ltr'>non</span> <span class='ocrx_word' id='word_1_203' title='bbox 546 1527 735 1580; x_wconf 90' lang='lat' dir='ltr'>reliquit</span> <span class='ocrx_word' id='word_1_204' title='bbox 751 1528 985 1568; x_wconf 88' lang='lat' dir='ltr'>miseriam</span> <span class='ocrx_word' id='word_1_205' title='bbox 1000 1534 1205 1568; x_wconf 88' lang='lat' dir='ltr'>nostram</span> <span class='ocrx_word' id='word_1_206' title='bbox 1222 1529 1398 1568; x_wconf 89' lang='lat' dir='ltr'>miseri-</span> 
     </span>
     <span class='ocr_line' id='line_1_27' title="bbox 73 1581 1398 1638; baseline 0.001 -15"><span class='ocrx_word' id='word_1_207' title='bbox 73 1582 232 1624; x_wconf 83' lang='lat' dir='ltr'>cordia</span> <span class='ocrx_word' id='word_1_208' title='bbox 248 1588 348 1633; x_wconf 87' lang='lat' dir='ltr'>tua,</span> <span class='ocrx_word' id='word_1_209' title='bbox 376 1588 421 1623; x_wconf 92' lang='lat' dir='ltr'>et</span> <span class='ocrx_word' id='word_1_210' title='bbox 440 1583 616 1623; x_wconf 88' lang='lat' dir='ltr'>dixisti:</span> <span class='ocrx_word' id='word_1_211' title='bbox 637 1581 730 1637; x_wconf 84' lang='lat' dir='ltr'>fiat</span> <span class='ocrx_word' id='word_1_212' title='bbox 749 1584 836 1624; x_wconf 81' lang='lat' dir='ltr'>lux.</span> <span class='ocrx_word' id='word_1_213' title='bbox 897 1583 1236 1624; x_wconf 88' lang='lat' dir='ltr'>Poenitentiam</span> <span class='ocrx_word' id='word_1_214' title='bbox 1254 1586 1398 1638; x_wconf 84' lang='lat' dir='ltr'>agite3</span> 
     </span>
     <span class='ocr_line' id='line_1_28' title="bbox 73 1638 1398 1693; baseline 0.001 -15"><span class='ocrx_word' id='word_1_215' title='bbox 73 1638 453 1693; x_wconf 59' lang='lat' dir='ltr'>adpropinquaiit</span> <span class='ocrx_word' id='word_1_216' title='bbox 471 1640 589 1679; x_wconf 90' lang='lat' dir='ltr'>enim</span> <span class='ocrx_word' id='word_1_217' title='bbox 607 1651 798 1692; x_wconf 83' lang='lat' dir='ltr'>regnum</span> <span class='ocrx_word' id='word_1_218' title='bbox 818 1640 1065 1680; x_wconf 88' lang='lat' dir='ltr'>coelorum.</span> <span class='ocrx_word' id='word_1_219' title='bbox 1087 1638 1266 1689; x_wconf 85' lang='lat' dir='ltr'>(Matth.</span> <span class='ocrx_word' id='word_1_220' title='bbox 1285 1640 1324 1690; x_wconf 82' lang='lat'>3,</span> <span class='ocrx_word' id='word_1_221' title='bbox 1337 1641 1398 1692; x_wconf 88' lang='lat'>2.)</span> 
     </span>
     <span class='ocr_line' id='line_1_29' title="bbox 71 1692 1399 1750; baseline 0.002 -16"><span class='ocrx_word' id='word_1_222' title='bbox 71 1692 411 1735; x_wconf 85' lang='lat' dir='ltr'>Poenitentiam</span> <span class='ocrx_word' id='word_1_223' title='bbox 431 1697 573 1749; x_wconf 83' lang='lat' dir='ltr'>agite3</span> <span class='ocrx_word' id='word_1_224' title='bbox 592 1694 685 1749; x_wconf 76' lang='lat' dir='ltr'>fiat</span> <span class='ocrx_word' id='word_1_225' title='bbox 705 1696 790 1736; x_wconf 83' lang='lat' dir='ltr'>lux.</span> <span class='ocrx_word' id='word_1_226' title='bbox 849 1695 908 1736; x_wconf 86' lang='lat' dir='ltr'>Et</span> <span class='ocrx_word' id='word_1_227' title='bbox 927 1696 1140 1750; x_wconf 86' lang='lat' dir='ltr'>quoniam</span> <span class='ocrx_word' id='word_1_228' title='bbox 1160 1696 1399 1737; x_wconf 85' lang='lat' dir='ltr'>conturba·</span> 
     </span>
     <span class='ocr_line' id='line_1_30' title="bbox 72 1751 1400 1804; baseline 0.004 -16"><span class='ocrx_word' id='word_1_229' title='bbox 72 1755 119 1788; x_wconf 85' lang='lat' dir='ltr'>ta</span> <span class='ocrx_word' id='word_1_230' title='bbox 142 1756 240 1790; x_wconf 81' lang='lat' dir='ltr'>erat</span> <span class='ocrx_word' id='word_1_231' title='bbox 262 1751 319 1790; x_wconf 86' lang='lat' dir='ltr'>ad</span> <span class='ocrx_word' id='word_1_232' title='bbox 336 1764 420 1791; x_wconf 89' lang='lat' dir='ltr'>nos</span> <span class='ocrx_word' id='word_1_233' title='bbox 438 1753 565 1804; x_wconf 87' lang='lat' dir='ltr'>ipsos</span> <span class='ocrx_word' id='word_1_234' title='bbox 585 1752 735 1791; x_wconf 90' lang='lat' dir='ltr'>anima</span> <span class='ocrx_word' id='word_1_235' title='bbox 751 1757 934 1802; x_wconf 84' lang='lat' dir='ltr'>nostra,</span> <span class='ocrx_word' id='word_1_236' title='bbox 964 1753 1309 1792; x_wconf 86' lang='lat' dir='ltr'>commemorati</span> <span class='ocrx_word' id='word_1_237' title='bbox 1326 1766 1400 1793; x_wconf 90' lang='lat' dir='ltr'>su-</span> 
     </span>
     <span class='ocr_line' id='line_1_31' title="bbox 71 1806 1398 1858; baseline 0.002 -13"><span class='ocrx_word' id='word_1_238' title='bbox 71 1818 170 1845; x_wconf 86' lang='lat' dir='ltr'>mus</span> <span class='ocrx_word' id='word_1_239' title='bbox 189 1808 276 1854; x_wconf 88' lang='lat' dir='ltr'>tui,</span> <span class='ocrx_word' id='word_1_240' title='bbox 296 1806 494 1847; x_wconf 91' lang='lat' dir='ltr'>Domine</span> <span class='ocrx_word' id='word_1_241' title='bbox 507 1838 518 1857; x_wconf 94' lang='lat'>‚</span> <span class='ocrx_word' id='word_1_242' title='bbox 541 1807 596 1847; x_wconf 88' lang='lat' dir='ltr'>de</span> <span class='ocrx_word' id='word_1_243' title='bbox 614 1813 687 1848; x_wconf 82' lang='lat' dir='ltr'>tel</span> <span class='ocrx_word' id='word_1_244' title='bbox 690 1820 741 1847; x_wconf 88' lang='lat' dir='ltr'>ra</span> <span class='ocrx_word' id='word_1_245' title='bbox 756 1807 987 1858; x_wconf 81' lang='lat' dir='ltr'>Iordanis,</span> <span class='ocrx_word' id='word_1_246' title='bbox 1013 1813 1059 1848; x_wconf 89' lang='lat' dir='ltr'>et</span> <span class='ocrx_word' id='word_1_247' title='bbox 1077 1808 1132 1848; x_wconf 87' lang='lat' dir='ltr'>de</span> <span class='ocrx_word' id='word_1_248' title='bbox 1151 1813 1305 1849; x_wconf 88' lang='lat' dir='ltr'>monte</span> <span class='ocrx_word' id='word_1_249' title='bbox 1325 1821 1398 1848; x_wconf 88' lang='lat' dir='ltr'>ae-</span> 
     </span>
     <span class='ocr_line' id='line_1_32' title="bbox 73 1861 1396 1917; baseline 0.003 -17"><span class='ocrx_word' id='word_1_250' title='bbox 73 1861 198 1914; x_wconf 78' lang='lat' dir='ltr'>quali</span> <span class='ocrx_word' id='word_1_251' title='bbox 219 1862 325 1911; x_wconf 89' lang='lat' dir='ltr'>tibi,</span> <span class='ocrx_word' id='word_1_252' title='bbox 352 1864 432 1902; x_wconf 92' lang='lat' dir='ltr'>sed</span> <span class='ocrx_word' id='word_1_253' title='bbox 454 1875 594 1916; x_wconf 82' lang='lat' dir='ltr'>parvo</span> <span class='ocrx_word' id='word_1_254' title='bbox 617 1868 805 1917; x_wconf 91' lang='lat' dir='ltr'>propter</span> <span class='ocrx_word' id='word_1_255' title='bbox 823 1875 907 1904; x_wconf 92' lang='lat' dir='ltr'>nos</span> <span class='ocrx_word' id='word_1_256' title='bbox 925 1863 1021 1913; x_wconf 89' lang='lat' dir='ltr'>(Ps.</span> <span class='ocrx_word' id='word_1_257' title='bbox 1039 1864 1108 1914; x_wconf 86' lang='lat'>42,</span> <span class='ocrx_word' id='word_1_258' title='bbox 1124 1864 1210 1916; x_wconf 75' lang='lat'>7.);</span> <span class='ocrx_word' id='word_1_259' title='bbox 1245 1870 1291 1904; x_wconf 91' lang='lat' dir='ltr'>et</span> <span class='ocrx_word' id='word_1_260' title='bbox 1308 1864 1396 1904; x_wconf 91' lang='lat' dir='ltr'>dis-</span> 
     </span>
     <span class='ocr_line' id='line_1_33' title="bbox 71 1917 1397 1970; baseline 0.002 -14"><span class='ocrx_word' id='word_1_261' title='bbox 71 1917 333 1970; x_wconf 84' lang='lat' dir='ltr'>plicuerunt</span> <span class='ocrx_word' id='word_1_262' title='bbox 364 1919 497 1958; x_wconf 90' lang='lat' dir='ltr'>nobis</span> <span class='ocrx_word' id='word_1_263' title='bbox 525 1920 742 1959; x_wconf 89' lang='lat' dir='ltr'>tenebrae</span> <span class='ocrx_word' id='word_1_264' title='bbox 782 1924 990 1969; x_wconf 86' lang='lat' dir='ltr'>nostrae,</span> <span class='ocrx_word' id='word_1_265' title='bbox 1022 1925 1068 1960; x_wconf 90' lang='lat' dir='ltr'>et</span> <span class='ocrx_word' id='word_1_266' title='bbox 1091 1920 1302 1960; x_wconf 87' lang='lat' dir='ltr'>conversi</span> <span class='ocrx_word' id='word_1_267' title='bbox 1325 1933 1397 1959; x_wconf 91' lang='lat' dir='ltr'>su-</span> 
     </span>
     <span class='ocr_line' id='line_1_34' title="bbox 71 1973 1395 2029; baseline 0.002 -17"><span class='ocrx_word' id='word_1_268' title='bbox 71 1986 171 2013; x_wconf 91' lang='lat' dir='ltr'>mus</span> <span class='ocrx_word' id='word_1_269' title='bbox 199 1973 256 2013; x_wconf 85' lang='lat' dir='ltr'>ad</span> <span class='ocrx_word' id='word_1_270' title='bbox 278 1978 324 2012; x_wconf 84' lang='lat' dir='ltr'>te</span> <span class='ocrx_word' id='word_1_271' title='bbox 336 1973 555 2029; x_wconf 80' lang='lat' dir='ltr'>,etfacta</span> <span class='ocrx_word' id='word_1_272' title='bbox 576 1982 639 2015; x_wconf 84' lang='lat' dir='ltr'>est</span> <span class='ocrx_word' id='word_1_273' title='bbox 655 1976 743 2016; x_wconf 82' lang='lat' dir='ltr'>lux.</span> <span class='ocrx_word' id='word_1_274' title='bbox 802 1976 862 2015; x_wconf 93' lang='lat' dir='ltr'>Et</span> <span class='ocrx_word' id='word_1_275' title='bbox 879 1988 986 2016; x_wconf 86' lang='lat' dir='ltr'>ecce</span> <span class='ocrx_word' id='word_1_276' title='bbox 1003 1974 1172 2016; x_wconf 87' lang='lat' dir='ltr'>fuimus</span> <span class='ocrx_word' id='word_1_277' title='bbox 1192 1975 1395 2029; x_wconf 86' lang='lat' dir='ltr'>aliquan-</span> 
     </span>
     <span class='ocr_line' id='line_1_35' title="bbox 74 2029 1377 2083; baseline -0.001 -14"><span class='ocrx_word' id='word_1_278' title='bbox 74 2029 132 2069; x_wconf 86' lang='lat' dir='ltr'>do</span> <span class='ocrx_word' id='word_1_279' title='bbox 150 2029 386 2079; x_wconf 87' lang='lat' dir='ltr'>tenebrae,</span> <span class='ocrx_word' id='word_1_280' title='bbox 405 2043 522 2069; x_wconf 89' lang='lat' dir='ltr'>nunc</span> <span class='ocrx_word' id='word_1_281' title='bbox 541 2036 692 2071; x_wconf 89' lang='lat' dir='ltr'>autem</span> <span class='ocrx_word' id='word_1_282' title='bbox 708 2031 815 2072; x_wconf 84' lang='lat' dir='ltr'>lux&#39;</span> <span class='ocrx_word' id='word_1_283' title='bbox 804 2045 850 2071; x_wconf 90' lang='lat' dir='ltr'>1n</span> <span class='ocrx_word' id='word_1_284' title='bbox 867 2031 1082 2072; x_wconf 87' lang='lat' dir='ltr'>Domino.</span> <span class='ocrx_word' id='word_1_285' title='bbox 1105 2029 1238 2083; x_wconf 89' lang='lat' dir='ltr'>(Eph.</span> <span class='ocrx_word' id='word_1_286' title='bbox 1257 2030 1298 2080; x_wconf 87' lang='lat'>5,</span> <span class='ocrx_word' id='word_1_287' title='bbox 1317 2030 1377 2077; x_wconf 83' lang='lat'>8.)</span> 
     </span>
    </p>

    <p class='ocr_par' dir='ltr' id='par_1_4' title="bbox 75 2085 1394 2252">
     <span class='ocr_line' id='line_1_36' title="bbox 158 2085 1394 2141; baseline 0 -17"><span class='ocrx_word' id='word_1_288' title='bbox 158 2085 205 2125; x_wconf 87' lang='lat' dir='ltr'>C.</span> <span class='ocrx_word' id='word_1_289' title='bbox 228 2085 349 2125; x_wconf 91' lang='lat' dir='ltr'><strong>XIII.</strong></span> <span class='ocrx_word' id='word_1_290' title='bbox 408 2085 467 2125; x_wconf 90' lang='lat' dir='ltr'>Et</span> <span class='ocrx_word' id='word_1_291' title='bbox 482 2090 635 2126; x_wconf 87' lang='lat' dir='ltr'>tamen</span> <span class='ocrx_word' id='word_1_292' title='bbox 653 2086 800 2127; x_wconf 86' lang='lat' dir='ltr'>adhuc</span> <span class='ocrx_word' id='word_1_293' title='bbox 817 2088 1073 2141; x_wconf 89' lang='lat' dir='ltr'>perfidem,</span> <span class='ocrx_word' id='word_1_294' title='bbox 1097 2089 1296 2126; x_wconf 89' lang='lat' dir='ltr'>nondum</span> <span class='ocrx_word' id='word_1_295' title='bbox 1312 2097 1394 2139; x_wconf 86' lang='lat' dir='ltr'>per</span> 
     </span>
     <span class='ocr_line' id='line_1_37' title="bbox 75 2140 1391 2194; baseline 0 -15"><span class='ocrx_word' id='word_1_296' title='bbox 75 2140 289 2192; x_wconf 88' lang='lat' dir='ltr'>speciem.</span> <span class='ocrx_word' id='word_1_297' title='bbox 352 2140 440 2194; x_wconf 91' lang='lat' dir='ltr'>Spe</span> <span class='ocrx_word' id='word_1_298' title='bbox 461 2141 580 2181; x_wconf 88' lang='lat' dir='ltr'>enim</span> <span class='ocrx_word' id='word_1_299' title='bbox 602 2142 716 2183; x_wconf 84' lang='lat' dir='ltr'>salvi</span> <span class='ocrx_word' id='word_1_300' title='bbox 732 2142 845 2183; x_wconf 87' lang='lat' dir='ltr'>facti</span> <span class='ocrx_word' id='word_1_301' title='bbox 863 2157 1030 2183; x_wconf 87' lang='lat' dir='ltr'>sumus.</span> <span class='ocrx_word' id='word_1_302' title='bbox 1093 2141 1205 2194; x_wconf 87' lang='lat' dir='ltr'>Spes</span> <span class='ocrx_word' id='word_1_303' title='bbox 1225 2146 1391 2190; x_wconf 84' lang='lat' dir='ltr'>autem,</span> 
     </span>
     <span class='ocr_line' id='line_1_38' title="bbox 76 2196 1392 2252; baseline 0 -16"><span class='ocrx_word' id='word_1_304' title='bbox 76 2208 190 2249; x_wconf 89' lang='lat' dir='ltr'>quae</span> <span class='ocrx_word' id='word_1_305' title='bbox 229 2196 427 2248; x_wconf 54' lang='lat' dir='ltr'>videtur,</span> <span class='ocrx_word' id='word_1_306' title='bbox 474 2209 567 2237; x_wconf 92' lang='lat' dir='ltr'>non</span> <span class='ocrx_word' id='word_1_307' title='bbox 603 2203 674 2238; x_wconf 83' lang='lat' dir='ltr'>est</span> <span class='ocrx_word' id='word_1_308' title='bbox 710 2211 829 2252; x_wconf 85' lang='lat' dir='ltr'>spes.</span> <span class='ocrx_word' id='word_1_309' title='bbox 858 2199 1006 2248; x_wconf 88' lang='lat' dir='ltr'>(Rom.</span> <span class='ocrx_word' id='word_1_310' title='bbox 1031 2197 1071 2248; x_wconf 82' lang='lat'>8,</span> <span class='ocrx_word' id='word_1_311' title='bbox 1089 2198 1177 2249; x_wconf 81' lang='lat'>24.)</span> <span class='ocrx_word' id='word_1_312' title='bbox 1235 2196 1392 2237; x_wconf 89' lang='lat' dir='ltr'>Adhuc</span> 
     </span>
    </p>
   </div>
  </div>
 </body>
</html>
