1473 2443
74 135 127 174 24
398 137 674 180 AURELII
701 139 1071 184 AUGUSTINI

71 231 235 272 parens
253 225 463 275 uterque:
483 223 577 274 ille,
594 224 699 277 quia
717 224 771 266 de
790 231 834 266 te
853 238 994 280 prope
1011 225 1127 268 nihil
1144 226 1391 281 cogitabat,

73 276 128 316 de
147 289 217 317 me
236 282 387 318 autem
404 278 578 330 inania3
611 280 693 321 illa
709 287 880 333 autem,
900 282 1007 336 quia
1023 295 1113 323 non
1131 282 1279 323 solum
1297 283 1392 323 nul·

71 332 117 372 lo
143 332 439 384 detrimento,
465 335 547 375 sed
572 337 709 376 etiam
733 337 952 378 nonnullo
981 337 1241 379 adiumento
1267 338 1323 378 ad
1348 344 1393 379 te

73 389 418 442 adipiscendum
449 389 603 432 futura
634 393 926 434 existimabat
946 394 1118 435 usitata
1142 394 1223 435 illa
1245 394 1398 435 studia

75 443 325 485 doctrinae.
385 445 454 486 Ita
478 447 598 487 enim
623 448 843 499 conficio,
869 449 1103 501 recolens,
1128 454 1179 491 ut
1196 463 1396 504 possum,

72 512 225 539 mores
245 505 482 553 parentum
499 515 717 543 meorum.
774 504 1113 547 Relaxabantur
1132 507 1270 546 etiam
1286 504 1398 545 mihi

73 555 131 595 ad
162 555 407 597 ludendum
431 557 633 599 habenae
657 560 778 600 ultra
799 565 1205 615 temperamentum
1229 562 1396 602 severi-

72 611 179 651 tatis
211 611 259 651 in
291 612 641 655 dissolutionem
669 614 978 657 adfectionum
1001 617 1249 667 variarum,
1284 622 1330 657 et
1350 617 1396 657 in

74 666 280 708 omnibus
307 673 405 708 erat
430 670 579 723 caligo
607 671 916 712 intercludens
942 671 1073 722 mihi,
1098 672 1224 713 Deus
1251 685 1394 722 meuS,

72 723 366 764 serenitatem
390 726 595 766 veritatis
619 731 745 777 tuae3
773 733 819 767 et
836 728 1078 781 prodiebat
1093 733 1321 782 tamquam
1341 740 1395 768 ex

74 780 206 831 adipe
226 779 440 834 iniquitas
462 793 576 821 mea.

154 835 201 875 C.
228 833 303 876 IV.
334 835 520 876 Furtum
540 841 662 877 certe
680 838 809 890 punit
826 839 900 879 lex
917 843 1009 889 tua,
1028 839 1240 889 Domine,
1261 844 1306 879 et
1323 839 1396 880 lex

71 890 242 943 scripta
263 890 310 930 in
338 893 551 932 cordibus
577 891 829 943 hominum,
857 907 990 948 quam
1015 907 1070 935 ne
1095 896 1198 948 ipsa
1215 894 1395 948 quidem

71 945 195 986 delet
225 946 456 1000 iniquitas.
519 948 630 997 Quis
659 950 777 989 enim
800 949 873 989 fur
900 962 1045 1003 aequo
1074 951 1224 991 animo
1249 949 1394 990 furem

69 1001 267 1055 patitur‘ss
295 1000 391 1042 Nec
416 1004 629 1056 copiosus
655 1004 863 1045 adactum
887 1006 1056 1059 inopia.
1117 1006 1175 1046 Et
1199 1018 1286 1060 ego
1305 1005 1393 1046 fur-

69 1064 164 1097 tum
194 1056 347 1098 facere
380 1059 504 1098 volui
530 1065 575 1099 et
597 1059 713 1110 feci,
749 1061 873 1101 nulla
900 1062 1161 1115 compulsus
1188 1066 1393 1115 egestate

70 1125 153 1152 nec
170 1114 379 1166 penuria,
399 1115 480 1155 sed
498 1114 684 1156 fastidio
703 1116 922 1166 iustitiae,
944 1122 990 1157 et
1006 1118 1167 1171 sagina
1183 1118 1393 1170 iniquita-

68 1169 142 1209 tis.
201 1168 315 1210 Nam
340 1170 387 1210 id
410 1169 586 1211 furatus
611 1185 731 1222 sum,
759 1174 881 1226 quod
906 1172 1017 1212 mihi
1042 1173 1321 1222 abundabat,
1351 1177 1395 1212 et‘

68 1225 210 1265 multo
235 1225 412 1267 melius.
471 1225 567 1266 Nec
591 1239 646 1266 ea
668 1240 716 1267 re
741 1228 951 1269 volebam
975 1228 1087 1279 frui,
1115 1241 1247 1282 quam
1270 1227 1392 1268 furto

69 1280 359 1335 adpetebam3
395 1282 477 1322 sed
507 1283 608 1335 ipso
641 1281 763 1324 furto
792 1289 837 1324 et
861 1290 1068 1337 peccate.
1127 1285 1274 1325 Arbor
1298 1289 1395 1324 erat

67 1339 193 1390 pirus
225 1336 272 1378 in
306 1338 474 1377 vicinia
504 1339 664 1378 vineae
697 1344 881 1381 nostrae
914 1341 1063 1393 pomis
1094 1345 1276 1390 onusta,
1311 1352 1392 1380 nec

67 1393 217 1433 forma
234 1404 319 1433 nec
337 1406 500 1446 sapore
519 1394 825 1436 illecebrosis.
856 1397 924 1437 Ad
942 1395 1057 1437 hanc
1077 1397 1393 1437 excutiendam

66 1454 201 1503 atque
236 1449 559 1502 asportandam
591 1451 861 1504 nequissimi
884 1452 1221 1493 adolescentuli
1244 1464 1392 1505 perre-

65 1506 214 1545 ximus
241 1508 374 1545 nocte
401 1505 695 1559 intempesta,
730 1520 965 1563 quousque
991 1509 1147 1549 ludum
1174 1508 1228 1548 de
1256 1508 1390 1560 pesti-

66 1561 237 1601 lentiae
264 1573 390 1601 more
420 1561 466 1601 in
493 1562 612 1602 areis
638 1564 1021 1616 produxeramus3
1057 1569 1102 1604 et
1125 1564 1390 1604 abstulimus

66 1616 171 1656 inde
197 1628 339 1656 onera
363 1616 588 1670 ingentia,
614 1631 705 1658 non
730 1619 785 1658 ad
805 1625 985 1660 nostras
1007 1620 1188 1672 epulas,
1221 1619 1303 1659 sed
1324 1620 1393 1659 vel

67 1672 353 1725 proiicienda
376 1674 529 1724 porcis
543 1703 555 1723 ,
580 1675 760 1714 etiamsi
778 1676 951 1729 aliquid
968 1676 1074 1715 inde
1095 1675 1392 1725 comedimus,

68 1729 173 1768 dum
194 1732 348 1768 tamen
371 1727 503 1768 fieret
528 1741 554 1767 a
576 1730 731 1779 nobis,
762 1731 882 1783 quod
908 1743 962 1771 eo
997 1730 1163 1771 liberet
1193 1743 1280 1783 quo
1300 1743 1391 1771 non

66 1784 241 1823 liceret.
280 1783 399 1823 Ecce
419 1796 499 1824 cor
516 1797 678 1834 meum,
697 1785 822 1825 Deus
840 1799 982 1836 meus,
1002 1799 1109 1827 ecce
1129 1799 1208 1826 cor
1226 1799 1390 1837 meum,

67 1840 189 1892 quod
220 1839 462 1879 miseratus
498 1852 545 1880 es
579 1841 623 1879 in
660 1841 748 1880 imo
776 1842 947 1895 abyssi.
1006 1842 1145 1882 Dicat
1165 1843 1249 1883 tibi
1272 1855 1390 1882 nunc

66 1907 172 1935 ecce
201 1907 280 1935 cor
302 1907 469 1935 meum:
503 1896 611 1948 quid
634 1896 696 1935 ibi
723 1898 990 1949 quaerebat,
1014 1903 1063 1937 ut
1080 1910 1227 1938 essem
1246 1899 1388 1952 gratis

65 1951 235 2000 malus,
263 1956 309 1991 et
331 1951 534 1992 malitiae
559 1964 686 1992 meae
713 1966 850 1993 causa
875 1954 999 1993 nulla
1017 1959 1141 1994 esset
1158 1955 1246 1995 nisi
1262 1955 1388 1993 mali-

68 2006 156 2047 tia2
184 2006 342 2046 Foeda
366 2012 483 2057 erat,
510 2011 555 2047 et
573 2009 719 2048 amavi
738 2021 856 2059 eam,
883 2010 1028 2049 amavi
1046 2010 1216 2062 perire,
1242 2011 1390 2050 amavi

67 2062 295 2103 defectum
312 2073 480 2113 meum3
513 2076 603 2103 non
621 2064 754 2114 illud,
781 2065 837 2104 ad
856 2065 977 2117 quod
997 2066 1286 2115 deficiebam,
1307 2066 1390 2107 sed

69 2117 296 2159 defectum
314 2130 462 2158 meum
479 2118 625 2171 ipsum
645 2121 804 2160 amavi.
843 2122 1008 2173 Turpis
1027 2122 1177 2161 anima
1194 2127 1240 2162 et
1257 2122 1388 2163 dissi-

67 2175 182 2214 liens
202 2187 228 2214 a
245 2174 525 2214 firmamento
546 2179 622 2215 tuo
642 2176 687 2215 in
707 2177 1037 2229 exterminium,
1052 2190 1142 2219 non
1160 2177 1387 2220 dedecore

68 2230 260 2284 aliquid,
286 2230 366 2272 sed
385 2229 583 2273 dedecus
603 2231 843 2286 adpetens!
