1514 2438
276 113 827 158 CONFESSIONUM
856 112 1069 153 LIBER
1097 111 1182 152 XI.
1304 110 1386 150 217

67 203 156 243 teri
176 200 332 242 futuri.
390 201 534 255 Atque
552 201 618 241 ita
637 201 677 240 si
693 198 949 239 mediorum
968 197 1217 250 quemlibet
1235 201 1385 237 cente-

64 259 182 298 narii
214 257 346 299 huius
377 258 554 297 numeri
585 269 749 296 annum
771 258 1058 309 praesentem
1080 254 1385 306 posuerimus,

65 319 171 354 ante
193 314 321 354 illum
345 313 584 367 praeteriti
609 316 756 361 erunt,
790 314 896 364 post
915 309 1044 349 illum
1066 308 1221 349 futuri.
1283 308 1384 356 Quo

68 371 191 410 circa
208 374 385 411 centum
403 369 509 409 anni
524 372 789 422 praesentes
811 378 911 406 esse
931 377 1022 405 non
1039 369 1266 418 poterunt.
1309 363 1387 405 Vi-

65 426 121 467 de
145 426 326 476 saltem,
362 430 512 466 utrum
536 425 613 478 qui
637 424 787 478 agitur
809 435 923 462 unus
947 422 1045 474 ipse
1070 422 1129 461 sit
1153 432 1387 474 praesens.

63 482 124 523 Et
155 483 253 523 eius
286 482 406 523 enim
439 482 478 521 si
508 481 679 534 primus
714 479 866 532 agitur
889 478 1078 526 mensis,
1112 475 1257 516 futuri
1283 481 1389 516 sunt

65 540 255 589 caeteri3
287 538 327 578 si
344 538 590 586 secundus,
611 537 701 577 iam
722 541 765 575 et
784 534 954 589 primus
971 533 1231 587 praeteriit,
1256 538 1302 573 et
1317 544 1388 572 re·

62 595 177 649 liqui
194 595 392 635 nondum
410 598 528 634 sunt.
558 593 682 645 Ergo
701 603 786 632 nec
804 604 962 640 annus,
983 590 1059 643 qui
1077 589 1241 643 agitur,
1260 593 1386 629 totus

66 656 136 691 est
166 662 406 703 praesens3
440 654 486 689 et
511 650 551 689 si
573 661 665 688 non
686 652 812 687 totus
838 651 908 686 est
932 658 1169 700 praesens,
1202 657 1294 685 non
1317 649 1388 685 est

64 720 206 747 annus
232 719 464 759 praesens.
523 703 782 744 Duodecim
800 703 918 743 enim
935 714 1115 743 menses
1136 714 1277 741 annus
1300 706 1385 751 est,

63 775 255 816 quorum
279 762 472 816 quilibet
494 774 609 801 unus
631 759 823 809 mensis,
851 758 928 812 qui
945 758 1115 812 agitur,
1139 759 1238 810 ipse
1257 768 1385 810 prae-

63 831 167 859 sens
187 823 276 869 est,
297 818 468 858 caeteri
487 822 638 857 autem
655 814 895 869 praeteriti
912 819 990 854 aut
1004 812 1159 854 futuri.
1222 812 1385 862 Quam-

63 887 197 928 quam
229 887 376 928 neque
406 873 598 922 mensis,
633 872 709 925 qui
732 871 900 925 agitur,
934 882 1152 924 praesens
1179 875 1268 918 est,
1302 869 1386 909 sed

63 944 177 970 unus
197 930 314 970 dies:
352 930 389 970 si
406 930 593 982 primus,
616 927 780 967 futuris
802 927 1017 976 caeteris3
1038 927 1075 967 si
1093 925 1385 974 novissimus,

61 986 322 1041 praeteritis
342 985 555 1036 caeteris3
575 984 614 1024 si
630 983 884 1024 mediorum
904 982 1240 1037 quilibet,inter
1259 993 1386 1035 prae-

61 1043 228 1083 teritos
255 1046 300 1083 et
323 1041 518 1083 futuros.
576 1040 697 1081 Ecce
714 1051 932 1093 praesens
950 1044 1149 1092 tempus,
1175 1037 1296 1092 quod
1313 1049 1385 1077 so-

62 1098 155 1139 lum
170 1098 511 1139 inveniebamus
528 1097 716 1150 longum
734 1095 1068 1150 adpellandum,
1085 1095 1161 1135 vix
1178 1093 1234 1134 ad
1252 1093 1385 1133 unius

64 1155 157 1195 diei
175 1155 370 1208 spatium
388 1158 671 1194 contractum
690 1157 773 1193 est.
822 1151 913 1193 Sed
932 1151 1228 1192 discutiamus
1249 1150 1386 1190 etiam

61 1213 231 1265 ipsum,
266 1211 372 1265 quia
393 1222 477 1258 nec
500 1222 614 1250 unus
638 1208 736 1249 dies
758 1212 882 1248 totus
912 1212 983 1248 est
1002 1219 1234 1261 praesens.
1293 1204 1384 1246 No-

65 1267 236 1308 cturnis
249 1269 368 1308 enim
380 1272 426 1307 et
443 1265 616 1307 diurnis
635 1263 760 1305 horis
783 1264 990 1304 omnibus
1010 1263 1173 1317 viginti
1191 1266 1386 1314 quatuor

65 1324 293 1376 expletur,
319 1335 507 1376 quarum
530 1321 677 1375 prima
696 1325 903 1360 caeteras
924 1318 1101 1358 futuras
1126 1317 1283 1367 habet,
1307 1328 1386 1356 no-

62 1379 251 1421 vissima
280 1378 575 1431 praeteritas,
610 1376 762 1429 aliqua
782 1387 891 1415 vero
915 1374 1260 1414 interiectarum
1283 1378 1386 1412 ante

65 1447 114 1475 se
133 1435 427 1487 praeteritas,
450 1437 556 1486 post
573 1443 622 1471 se
640 1430 833 1472 futuras.
892 1430 950 1470 Et
966 1431 1067 1483 ipsa
1083 1442 1173 1470 una
1190 1427 1304 1468 hora
1320 1427 1388 1469 fu-

65 1491 220 1544 gitivis
265 1489 502 1544 particulis
543 1489 713 1541 agitur:
762 1485 982 1540 quidquid
1028 1486 1125 1526 eius
1169 1484 1388 1534 avolavit,

64 1547 364 1600 praeteritum
386 1549 473 1596 est3
508 1543 728 1598 quidquid
752 1543 848 1582 eius
872 1546 1038 1591 restat,
1059 1539 1277 1581 futurum.
1340 1539 1388 1581 Si

66 1602 175 1657 quid
190 1602 467 1656 intelligitur
483 1601 727 1653 temporis,
750 1598 873 1653 quod
889 1598 936 1638 in
953 1597 1101 1637 nullas
1121 1597 1207 1636 iam
1219 1627 1230 1646 ,
1244 1596 1322 1651 ,vel
1339 1597 1387 1636 in

63 1659 391 1699 minutissimas
424 1661 756 1698 momentorum
787 1660 941 1708 partes
976 1653 1114 1694 dividi
1138 1653 1305 1706 possit,
1337 1651 1386 1692 id

66 1715 215 1755 solum
239 1719 328 1764 est,
356 1713 478 1768 quod
499 1724 757 1766 praesens
783 1710 979 1761 dicatur3
1013 1708 1134 1763 quod
1151 1714 1302 1749 tamen
1319 1710 1386 1748 ita

65 1771 229 1824 raptim
252 1784 279 1811 a
308 1769 462 1811 futuro
484 1771 532 1810 in
555 1768 853 1823 praeteritum
873 1765 1150 1814 transvolat,
1184 1770 1235 1805 ut
1260 1764 1387 1804 nulla

65 1826 244 1866 morula
266 1826 551 1866 extendatur.
610 1823 725 1864 Nam
744 1823 781 1863 si
803 1822 1080 1871 extenditur,
1106 1820 1323 1861 dividitur
1339 1820 1386 1859 in

66 1882 366 1933 praeteritum
390 1886 436 1921 et
460 1880 679 1921 futurumt
710 1891 967 1933 praesens
992 1882 1165 1918 autem
1187 1875 1386 1916 nullum

68 1936 228 1977 habet
250 1937 490 1990 spatium.
521 1936 609 1976 Ubi
628 1940 698 1975 est
716 1948 825 1989 ergo
846 1940 1039 1987 tempus,
1060 1934 1181 1987 quod
1197 1933 1386 1985 longum

68 1992 295 2033 dicamus&
330 1993 396 2032 An
432 1991 660 2033 futurum?
694 1990 797 2031 Non
831 1992 1013 2045 quidem
1047 1990 1256 2030 dicimus:
1288 1989 1383 2027 lon-

67 2061 172 2102 gum
190 2055 279 2099 est,
306 2048 414 2101 quia
436 2047 634 2088 nondum
653 2052 741 2097 est,
768 2048 1091 2100 quodlongum
1110 2046 1187 2095 sit3
1215 2044 1300 2083 sed
1320 2042 1383 2082 di-

68 2104 222 2145 cimus:
260 2105 448 2158 longum
481 2105 581 2143 erit.
644 2103 835 2152 Quando
869 2104 1012 2156 igitur
1046 2100 1157 2142 erit?
1190 2098 1236 2139 Si
1265 2098 1384 2137 enim

66 2164 113 2199 et
142 2166 268 2210 tunc,
302 2173 403 2201 cum
427 2157 573 2198 adhuc
594 2157 795 2199 futurum
818 2160 924 2208 erit,
959 2170 1049 2197 non
1074 2156 1159 2197 erit
1181 2154 1382 2208 longum,

70 2216 176 2268 quia
207 2216 329 2271 quod
362 2216 422 2257 sit
442 2215 649 2267 longum,
681 2214 880 2255 nondum
905 2214 1009 2263 erit3
1043 2213 1082 2252 si
1105 2214 1255 2251 autem
1277 2216 1383 2250 tunc
