<?xml version="1.0" encoding="UTF-8"?>
<!DOCTYPE html PUBLIC "-//W3C//DTD XHTML 1.0 Transitional//EN"
    "http://www.w3.org/TR/xhtml1/DTD/xhtml1-transitional.dtd">
<html xmlns="http://www.w3.org/1999/xhtml" xml:lang="en" lang="en">
 <head>
  <title>
</title>
<meta http-equiv="Content-Type" content="text/html;charset=utf-8" />
  <meta name='ocr-system' content='tesseract 3.04.00' />
  <meta name='ocr-capabilities' content='ocr_page ocr_carea ocr_par ocr_line ocrx_word'/>
</head>
<body>
  <div class='ocr_page' id='page_1' title='image "./saureliiaugustin00augu_0164.png"; bbox 0 0 1473 2443; ppageno 0'>
   <div class='ocr_carea' id='block_1_1' title="bbox 92 111 1076 161">
    <p class='ocr_par' dir='ltr' id='par_1_1' title="bbox 92 111 1076 161">
     <span class='ocr_line' id='line_1_1' title="bbox 92 111 1076 161; baseline -0.007 0"><span class='ocrx_word' id='word_1_1' title='bbox 92 119 171 161; x_wconf 83' lang='lat'><strong>138</strong></span> <span class='ocrx_word' id='word_1_2' title='bbox 412 114 683 158; x_wconf 81' lang='lat' dir='ltr'><strong>AURELII</strong></span> <span class='ocrx_word' id='word_1_3' title='bbox 710 111 1076 156; x_wconf 83' lang='lat' dir='ltr'><strong>AUGUSTINI</strong></span> 
     </span>
    </p>
   </div>
   <div class='ocr_carea' id='block_1_2' title="bbox 88 195 1421 2254">
    <p class='ocr_par' dir='ltr' id='par_1_2' title="bbox 88 195 1421 2094">
     <span class='ocr_line' id='line_1_2' title="bbox 89 195 1401 248; baseline -0.01 -3"><span class='ocrx_word' id='word_1_4' title='bbox 89 205 136 244; x_wconf 93' lang='lat' dir='ltr'><strong>in</strong></span> <span class='ocrx_word' id='word_1_5' title='bbox 147 202 330 244; x_wconf 86' lang='lat' dir='ltr'><strong>homine</strong></span> <span class='ocrx_word' id='word_1_6' title='bbox 344 213 432 241; x_wconf 90' lang='lat' dir='ltr'><strong>uno</strong></span> <span class='ocrx_word' id='word_1_7' title='bbox 449 199 681 241; x_wconf 87' lang='lat' dir='ltr'><strong>adversari</strong></span> <span class='ocrx_word' id='word_1_8' title='bbox 692 199 780 240; x_wconf 88' lang='lat' dir='ltr'>sibi</span> <span class='ocrx_word' id='word_1_9' title='bbox 793 200 1007 248; x_wconf 89' lang='lat' dir='ltr'><strong>sentiunt,</strong></span> <span class='ocrx_word' id='word_1_10' title='bbox 1023 198 1133 238; x_wconf 91' lang='lat' dir='ltr'><strong>duas</strong></span> <span class='ocrx_word' id='word_1_11' title='bbox 1150 195 1401 236; x_wconf 87' lang='lat' dir='ltr'><strong>contrarias</strong></span> 
     </span>
     <span class='ocr_line' id='line_1_3' title="bbox 88 249 1402 300; baseline -0.008 -1"><span class='ocrx_word' id='word_1_12' title='bbox 88 264 264 300; x_wconf 84' lang='lat' dir='ltr'><strong>mentes</strong></span> <span class='ocrx_word' id='word_1_13' title='bbox 283 258 337 298; x_wconf 90' lang='lat' dir='ltr'><strong>de</strong></span> <span class='ocrx_word' id='word_1_14' title='bbox 357 257 529 297; x_wconf 91' lang='lat' dir='ltr'><strong>duabus</strong></span> <span class='ocrx_word' id='word_1_15' title='bbox 549 257 787 296; x_wconf 81' lang='lat' dir='ltr'>contrariis</span> <span class='ocrx_word' id='word_1_16' title='bbox 806 254 1072 295; x_wconf 83' lang='lat' dir='ltr'><strong>substantiis</strong></span> <span class='ocrx_word' id='word_1_17' title='bbox 1091 256 1136 292; x_wconf 89' lang='lat' dir='ltr'><strong>et</strong></span> <span class='ocrx_word' id='word_1_18' title='bbox 1154 251 1208 291; x_wconf 89' lang='lat' dir='ltr'><strong>de</strong></span> <span class='ocrx_word' id='word_1_19' title='bbox 1228 249 1402 290; x_wconf 91' lang='lat' dir='ltr'><strong>duobus</strong></span> 
     </span>
     <span class='ocr_line' id='line_1_4' title="bbox 91 305 1404 367; baseline -0.009 -12"><span class='ocrx_word' id='word_1_20' title='bbox 91 314 333 355; x_wconf 82' lang='lat' dir='ltr'><strong>contrariis</strong></span> <span class='ocrx_word' id='word_1_21' title='bbox 358 312 593 367; x_wconf 84' lang='lat' dir='ltr'><strong>principiis</strong></span> <span class='ocrx_word' id='word_1_22' title='bbox 613 310 907 360; x_wconf 82' lang='lat' dir='ltr'><strong>contendere,</strong></span> <span class='ocrx_word' id='word_1_23' title='bbox 932 322 1063 349; x_wconf 89' lang='lat' dir='ltr'><strong>unam</strong></span> <span class='ocrx_word' id='word_1_24' title='bbox 1083 308 1268 356; x_wconf 91' lang='lat' dir='ltr'><strong>bonam,</strong></span> <span class='ocrx_word' id='word_1_25' title='bbox 1294 305 1404 345; x_wconf 91' lang='lat' dir='ltr'><strong>alte-</strong></span> 
     </span>
     <span class='ocr_line' id='line_1_5' title="bbox 89 362 1407 417; baseline -0.008 -7"><span class='ocrx_word' id='word_1_26' title='bbox 89 384 183 411; x_wconf 90' lang='lat' dir='ltr'><strong>ram</strong></span> <span class='ocrx_word' id='word_1_27' title='bbox 200 369 378 410; x_wconf 89' lang='lat' dir='ltr'><strong>malam.</strong></span> <span class='ocrx_word' id='word_1_28' title='bbox 438 367 552 408; x_wconf 87' lang='lat' dir='ltr'><strong>Nam</strong></span> <span class='ocrx_word' id='word_1_29' title='bbox 568 373 637 417; x_wconf 87' lang='lat' dir='ltr'><strong>tu,</strong></span> <span class='ocrx_word' id='word_1_30' title='bbox 660 366 784 406; x_wconf 90' lang='lat' dir='ltr'><strong>Deus</strong></span> <span class='ocrx_word' id='word_1_31' title='bbox 805 378 960 414; x_wconf 81' lang='lat' dir='ltr'>verax,</span> <span class='ocrx_word' id='word_1_32' title='bbox 985 362 1215 416; x_wconf 88' lang='lat' dir='ltr'><strong>improbas</strong></span> <span class='ocrx_word' id='word_1_33' title='bbox 1235 373 1335 411; x_wconf 82' lang='lat' dir='ltr'><strong>eos,</strong></span> <span class='ocrx_word' id='word_1_34' title='bbox 1361 365 1407 399; x_wconf 81' lang='lat' dir='ltr'><strong>et</strong></span> 
     </span>
     <span class='ocr_line' id='line_1_6' title="bbox 90 416 1407 478; baseline -0.008 -12"><span class='ocrx_word' id='word_1_35' title='bbox 90 425 329 478; x_wconf 80' lang='lat' dir='ltr'><strong>redarguis</strong></span> <span class='ocrx_word' id='word_1_36' title='bbox 349 429 483 477; x_wconf 89' lang='lat' dir='ltr'><strong>atque</strong></span> <span class='ocrx_word' id='word_1_37' title='bbox 504 423 735 464; x_wconf 86' lang='lat' dir='ltr'><strong>convincis</strong></span> <span class='ocrx_word' id='word_1_38' title='bbox 755 434 855 471; x_wconf 88' lang='lat' dir='ltr'><strong>eos,</strong></span> <span class='ocrx_word' id='word_1_39' title='bbox 882 421 999 460; x_wconf 89' lang='lat' dir='ltr'><strong>sicut</strong></span> <span class='ocrx_word' id='word_1_40' title='bbox 1015 421 1061 459; x_wconf 88' lang='lat' dir='ltr'><strong>in</strong></span> <span class='ocrx_word' id='word_1_41' title='bbox 1078 423 1269 471; x_wconf 89' lang='lat' dir='ltr'><strong>utraque</strong></span> <span class='ocrx_word' id='word_1_42' title='bbox 1286 416 1407 457; x_wconf 88' lang='lat' dir='ltr'><strong>mala</strong></span> 
     </span>
     <span class='ocr_line' id='line_1_7' title="bbox 89 472 1405 533; baseline -0.009 -11"><span class='ocrx_word' id='word_1_43' title='bbox 89 482 346 530; x_wconf 72' lang='lat' dir='ltr'><strong>voluntate,</strong></span> <span class='ocrx_word' id='word_1_44' title='bbox 381 492 480 520; x_wconf 87' lang='lat' dir='ltr'><strong>cum</strong></span> <span class='ocrx_word' id='word_1_45' title='bbox 513 479 702 533; x_wconf 87' lang='lat' dir='ltr'><strong>quisque</strong></span> <span class='ocrx_word' id='word_1_46' title='bbox 730 477 972 526; x_wconf 80' lang='lat' dir='ltr'><strong>deliberat,</strong></span> <span class='ocrx_word' id='word_1_47' title='bbox 1006 480 1156 515; x_wconf 90' lang='lat' dir='ltr'><strong>utrum</strong></span> <span class='ocrx_word' id='word_1_48' title='bbox 1178 472 1405 513; x_wconf 87' lang='lat' dir='ltr'><strong>hominem</strong></span> 
     </span>
     <span class='ocr_line' id='line_1_8' title="bbox 91 529 1404 585; baseline -0.008 -8"><span class='ocrx_word' id='word_1_49' title='bbox 91 549 268 578; x_wconf 77' lang='lat' dir='ltr'><strong>veneno</strong></span> <span class='ocrx_word' id='word_1_50' title='bbox 291 536 541 585; x_wconf 89' lang='lat' dir='ltr'><strong>interimat,</strong></span> <span class='ocrx_word' id='word_1_51' title='bbox 572 547 628 574; x_wconf 87' lang='lat' dir='ltr'><strong>an</strong></span> <span class='ocrx_word' id='word_1_52' title='bbox 651 533 795 584; x_wconf 85' lang='lat' dir='ltr'><strong>ferr03</strong></span> <span class='ocrx_word' id='word_1_53' title='bbox 828 537 975 573; x_wconf 87' lang='lat' dir='ltr'><strong>utrum</strong></span> <span class='ocrx_word' id='word_1_54' title='bbox 999 530 1185 571; x_wconf 88' lang='lat' dir='ltr'><strong>fundum</strong></span> <span class='ocrx_word' id='word_1_55' title='bbox 1210 529 1404 568; x_wconf 87' lang='lat' dir='ltr'><strong>alienum</strong></span> 
     </span>
     <span class='ocr_line' id='line_1_9' title="bbox 91 588 1407 643; baseline -0.009 -9"><span class='ocrx_word' id='word_1_56' title='bbox 91 594 234 643; x_wconf 88' lang='lat' dir='ltr'><strong>illum,</strong></span> <span class='ocrx_word' id='word_1_57' title='bbox 251 605 306 632; x_wconf 91' lang='lat' dir='ltr'><strong>an</strong></span> <span class='ocrx_word' id='word_1_58' title='bbox 319 592 447 632; x_wconf 90' lang='lat' dir='ltr'><strong>illum</strong></span> <span class='ocrx_word' id='word_1_59' title='bbox 462 590 658 640; x_wconf 85' lang='lat' dir='ltr'><strong>invadat,</strong></span> <span class='ocrx_word' id='word_1_60' title='bbox 675 589 853 643; x_wconf 89' lang='lat' dir='ltr'><strong>quando</strong></span> <span class='ocrx_word' id='word_1_61' title='bbox 867 593 1105 640; x_wconf 88' lang='lat' dir='ltr'><strong>utrumque</strong></span> <span class='ocrx_word' id='word_1_62' title='bbox 1128 598 1219 625; x_wconf 91' lang='lat' dir='ltr'><strong>non</strong></span> <span class='ocrx_word' id='word_1_63' title='bbox 1235 588 1407 638; x_wconf 85' lang='lat' dir='ltr'><strong>potest3</strong></span> 
     </span>
     <span class='ocr_line' id='line_1_10' title="bbox 93 641 1408 700; baseline -0.009 -11"><span class='ocrx_word' id='word_1_64' title='bbox 93 654 241 689; x_wconf 85' lang='lat' dir='ltr'><strong>utrum</strong></span> <span class='ocrx_word' id='word_1_65' title='bbox 267 652 387 688; x_wconf 86' lang='lat' dir='ltr'><strong>emat</strong></span> <span class='ocrx_word' id='word_1_66' title='bbox 409 647 687 700; x_wconf 84' lang='lat' dir='ltr'><strong>voluptatem</strong></span> <span class='ocrx_word' id='word_1_67' title='bbox 705 644 905 694; x_wconf 85' lang='lat' dir='ltr'><strong>luxuria,</strong></span> <span class='ocrx_word' id='word_1_68' title='bbox 930 656 984 683; x_wconf 91' lang='lat' dir='ltr'><strong>an</strong></span> <span class='ocrx_word' id='word_1_69' title='bbox 1002 641 1237 695; x_wconf 89' lang='lat' dir='ltr'><strong>pecuniam</strong></span> <span class='ocrx_word' id='word_1_70' title='bbox 1257 644 1408 679; x_wconf 77' lang='lat' dir='ltr'><strong>servet</strong></span> 
     </span>
     <span class='ocr_line' id='line_1_11' title="bbox 92 694 1406 754; baseline -0.009 -10"><span class='ocrx_word' id='word_1_71' title='bbox 92 704 304 754; x_wconf 67' lang='lat' dir='ltr'><strong>avaritia3</strong></span> <span class='ocrx_word' id='word_1_72' title='bbox 335 708 482 743; x_wconf 89' lang='lat' dir='ltr'><strong>utrum</strong></span> <span class='ocrx_word' id='word_1_73' title='bbox 503 702 558 741; x_wconf 90' lang='lat' dir='ltr'><strong>ad</strong></span> <span class='ocrx_word' id='word_1_74' title='bbox 577 702 744 741; x_wconf 91' lang='lat' dir='ltr'><strong>circum</strong></span> <span class='ocrx_word' id='word_1_75' title='bbox 762 704 943 754; x_wconf 81' lang='lat' dir='ltr'><strong>pergat,</strong></span> <span class='ocrx_word' id='word_1_76' title='bbox 963 711 1018 737; x_wconf 91' lang='lat' dir='ltr'><strong>an</strong></span> <span class='ocrx_word' id='word_1_77' title='bbox 1036 697 1092 737; x_wconf 90' lang='lat' dir='ltr'><strong>ad</strong></span> <span class='ocrx_word' id='word_1_78' title='bbox 1108 696 1349 743; x_wconf 84' lang='lat' dir='ltr'><strong>theatrum,</strong></span> <span class='ocrx_word' id='word_1_79' title='bbox 1371 694 1406 732; x_wconf 89' lang='lat' dir='ltr'><strong>si</strong></span> 
     </span>
     <span class='ocr_line' id='line_1_12' title="bbox 91 751 1408 812; baseline -0.01 -12"><span class='ocrx_word' id='word_1_80' title='bbox 91 772 183 801; x_wconf 89' lang='lat' dir='ltr'><strong>uno</strong></span> <span class='ocrx_word' id='word_1_81' title='bbox 218 759 290 799; x_wconf 86' lang='lat' dir='ltr'><strong>die</strong></span> <span class='ocrx_word' id='word_1_82' title='bbox 314 764 553 812; x_wconf 88' lang='lat' dir='ltr'><strong>utrumque</strong></span> <span class='ocrx_word' id='word_1_83' title='bbox 581 755 870 806; x_wconf 82' lang='lat' dir='ltr'><strong>exhibeatur3</strong></span> <span class='ocrx_word' id='word_1_84' title='bbox 903 754 1020 794; x_wconf 89' lang='lat' dir='ltr'><strong>addo</strong></span> <span class='ocrx_word' id='word_1_85' title='bbox 1049 753 1185 792; x_wconf 91' lang='lat' dir='ltr'><strong>etiam</strong></span> <span class='ocrx_word' id='word_1_86' title='bbox 1208 751 1408 798; x_wconf 89' lang='lat' dir='ltr'><strong>tertium,</strong></span> 
     </span>
     <span class='ocr_line' id='line_1_13' title="bbox 95 805 1407 859; baseline -0.009 -3"><span class='ocrx_word' id='word_1_87' title='bbox 95 829 152 856; x_wconf 88' lang='lat' dir='ltr'><strong>an</strong></span> <span class='ocrx_word' id='word_1_88' title='bbox 165 815 221 855; x_wconf 86' lang='lat' dir='ltr'><strong>ad</strong></span> <span class='ocrx_word' id='word_1_89' title='bbox 238 814 405 855; x_wconf 86' lang='lat' dir='ltr'><strong>furtum</strong></span> <span class='ocrx_word' id='word_1_90' title='bbox 425 814 479 854; x_wconf 89' lang='lat' dir='ltr'><strong>de</strong></span> <span class='ocrx_word' id='word_1_91' title='bbox 501 814 634 853; x_wconf 88' lang='lat' dir='ltr'><strong>domo</strong></span> <span class='ocrx_word' id='word_1_92' title='bbox 655 813 817 859; x_wconf 92' lang='lat' dir='ltr'><strong>aliena,</strong></span> <span class='ocrx_word' id='word_1_93' title='bbox 835 811 874 850; x_wconf 88' lang='lat' dir='ltr'><strong>si</strong></span> <span class='ocrx_word' id='word_1_94' title='bbox 892 810 1049 850; x_wconf 89' lang='lat' dir='ltr'><strong>subest</strong></span> <span class='ocrx_word' id='word_1_95' title='bbox 1068 807 1270 857; x_wconf 84' lang='lat' dir='ltr'><strong>occasio3</strong></span> <span class='ocrx_word' id='word_1_96' title='bbox 1291 805 1407 845; x_wconf 85' lang='lat' dir='ltr'><strong>addo</strong></span> 
     </span>
     <span class='ocr_line' id='line_1_14' title="bbox 95 861 1410 924; baseline -0.01 -13"><span class='ocrx_word' id='word_1_97' title='bbox 95 877 140 912; x_wconf 82' lang='lat' dir='ltr'><strong>et</strong></span> <span class='ocrx_word' id='word_1_98' title='bbox 166 876 393 924; x_wconf 88' lang='lat' dir='ltr'><strong>quartum,</strong></span> <span class='ocrx_word' id='word_1_99' title='bbox 429 882 483 909; x_wconf 88' lang='lat' dir='ltr'><strong>an</strong></span> <span class='ocrx_word' id='word_1_100' title='bbox 510 869 563 908; x_wconf 86' lang='lat' dir='ltr'><strong>ad</strong></span> <span class='ocrx_word' id='word_1_101' title='bbox 591 866 961 908; x_wconf 84' lang='lat' dir='ltr'><strong>committendum</strong></span> <span class='ocrx_word' id='word_1_102' title='bbox 984 863 1277 911; x_wconf 80' lang='lat' dir='ltr'><strong>adulterium,</strong></span> <span class='ocrx_word' id='word_1_103' title='bbox 1304 861 1339 900; x_wconf 92' lang='lat' dir='ltr'><strong>si</strong></span> <span class='ocrx_word' id='word_1_104' title='bbox 1366 864 1410 898; x_wconf 85' lang='lat' dir='ltr'><strong>et</strong></span> 
     </span>
     <span class='ocr_line' id='line_1_15' title="bbox 95 920 1412 978; baseline -0.009 -12"><span class='ocrx_word' id='word_1_105' title='bbox 95 927 201 967; x_wconf 88' lang='lat' dir='ltr'><strong>inde</strong></span> <span class='ocrx_word' id='word_1_106' title='bbox 236 926 368 965; x_wconf 91' lang='lat' dir='ltr'><strong>simul</strong></span> <span class='ocrx_word' id='word_1_107' title='bbox 401 924 596 965; x_wconf 82' lang='lat' dir='ltr'><strong>facultas</strong></span> <span class='ocrx_word' id='word_1_108' title='bbox 629 924 849 978; x_wconf 90' lang='lat' dir='ltr'><strong>aperitur,</strong></span> <span class='ocrx_word' id='word_1_109' title='bbox 884 922 923 962; x_wconf 90' lang='lat' dir='ltr'><strong>si</strong></span> <span class='ocrx_word' id='word_1_110' title='bbox 957 920 1109 961; x_wconf 88' lang='lat' dir='ltr'><strong>omnia</strong></span> <span class='ocrx_word' id='word_1_111' title='bbox 1141 923 1412 958; x_wconf 84' lang='lat' dir='ltr'><strong>concurrant</strong></span> 
     </span>
     <span class='ocr_line' id='line_1_16' title="bbox 96 973 1414 1032; baseline -0.01 -10"><span class='ocrx_word' id='word_1_112' title='bbox 96 984 143 1023; x_wconf 88' lang='lat' dir='ltr'><strong>in</strong></span> <span class='ocrx_word' id='word_1_113' title='bbox 164 995 299 1022; x_wconf 91' lang='lat' dir='ltr'><strong>unum</strong></span> <span class='ocrx_word' id='word_1_114' title='bbox 332 981 570 1021; x_wconf 88' lang='lat' dir='ltr'><strong>articulum</strong></span> <span class='ocrx_word' id='word_1_115' title='bbox 602 979 822 1032; x_wconf 87' lang='lat' dir='ltr'><strong>temporis</strong></span> <span class='ocrx_word' id='word_1_116' title='bbox 837 1008 847 1028; x_wconf 94' lang='lat'><strong>,</strong></span> <span class='ocrx_word' id='word_1_117' title='bbox 881 977 1142 1030; x_wconf 80' lang='lat' dir='ltr'><strong>pariterque</strong></span> <span class='ocrx_word' id='word_1_118' title='bbox 1176 973 1414 1026; x_wconf 88' lang='lat' dir='ltr'><strong>cupiantur</strong></span> 
     </span>
     <span class='ocr_line' id='line_1_17' title="bbox 99 1027 1412 1090; baseline -0.01 -12"><span class='ocrx_word' id='word_1_119' title='bbox 99 1038 269 1087; x_wconf 90' lang='lat' dir='ltr'><strong>omnia,</strong></span> <span class='ocrx_word' id='word_1_120' title='bbox 294 1049 407 1090; x_wconf 88' lang='lat' dir='ltr'><strong>quae</strong></span> <span class='ocrx_word' id='word_1_121' title='bbox 433 1036 567 1076; x_wconf 91' lang='lat' dir='ltr'><strong>simul</strong></span> <span class='ocrx_word' id='word_1_122' title='bbox 591 1036 664 1089; x_wconf 87' lang='lat' dir='ltr'><strong>agi</strong></span> <span class='ocrx_word' id='word_1_123' title='bbox 689 1038 932 1087; x_wconf 88' lang='lat' dir='ltr'><strong>nequeunt.</strong></span> <span class='ocrx_word' id='word_1_124' title='bbox 992 1031 1270 1083; x_wconf 88' lang='lat' dir='ltr'><strong>Discerpunt</strong></span> <span class='ocrx_word' id='word_1_125' title='bbox 1296 1027 1412 1067; x_wconf 88' lang='lat' dir='ltr'><strong>enim</strong></span> 
     </span>
     <span class='ocr_line' id='line_1_18' title="bbox 97 1083 1410 1141; baseline -0.009 -8"><span class='ocrx_word' id='word_1_126' title='bbox 97 1094 293 1134; x_wconf 89' lang='lat' dir='ltr'><strong>animum</strong></span> <span class='ocrx_word' id='word_1_127' title='bbox 312 1092 493 1132; x_wconf 89' lang='lat' dir='ltr'><strong>sibimet</strong></span> <span class='ocrx_word' id='word_1_128' title='bbox 510 1091 853 1132; x_wconf 84' lang='lat' dir='ltr'><strong>adversantibus</strong></span> <span class='ocrx_word' id='word_1_129' title='bbox 874 1092 1068 1141; x_wconf 88' lang='lat' dir='ltr'><strong>quatuor</strong></span> <span class='ocrx_word' id='word_1_130' title='bbox 1084 1083 1410 1131; x_wconf 81' lang='lat' dir='ltr'><strong>voluntatibus,</strong></span> 
     </span>
     <span class='ocr_line' id='line_1_19' title="bbox 97 1138 1414 1201; baseline -0.009 -12"><span class='ocrx_word' id='word_1_131' title='bbox 97 1150 172 1190; x_wconf 84' lang='lat' dir='ltr'><strong>vel</strong></span> <span class='ocrx_word' id='word_1_132' title='bbox 204 1149 339 1188; x_wconf 87' lang='lat' dir='ltr'><strong>etiam</strong></span> <span class='ocrx_word' id='word_1_133' title='bbox 363 1147 567 1201; x_wconf 89' lang='lat' dir='ltr'><strong>pluribus</strong></span> <span class='ocrx_word' id='word_1_134' title='bbox 589 1147 635 1186; x_wconf 87' lang='lat' dir='ltr'><strong>in</strong></span> <span class='ocrx_word' id='word_1_135' title='bbox 660 1150 787 1186; x_wconf 88' lang='lat' dir='ltr'><strong>tanta</strong></span> <span class='ocrx_word' id='word_1_136' title='bbox 811 1144 943 1197; x_wconf 87' lang='lat' dir='ltr'><strong>copia</strong></span> <span class='ocrx_word' id='word_1_137' title='bbox 966 1154 1117 1183; x_wconf 90' lang='lat' dir='ltr'><strong>rerum</strong></span> <span class='ocrx_word' id='word_1_138' title='bbox 1143 1152 1256 1193; x_wconf 90' lang='lat' dir='ltr'><strong>quae</strong></span> <span class='ocrx_word' id='word_1_139' title='bbox 1281 1138 1414 1191; x_wconf 86' lang='lat' dir='ltr'><strong>adpe-</strong></span> 
     </span>
     <span class='ocr_line' id='line_1_20' title="bbox 96 1197 1414 1255; baseline -0.011 -10"><span class='ocrx_word' id='word_1_140' title='bbox 96 1210 273 1255; x_wconf 83' lang='lat' dir='ltr'><strong>tuntur3</strong></span> <span class='ocrx_word' id='word_1_141' title='bbox 305 1216 389 1244; x_wconf 89' lang='grc'><strong>1166</strong></span> <span class='ocrx_word' id='word_1_142' title='bbox 413 1208 563 1243; x_wconf 88' lang='lat' dir='ltr'><strong>tamen</strong></span> <span class='ocrx_word' id='word_1_143' title='bbox 588 1207 760 1242; x_wconf 82' lang='lat' dir='ltr'><strong>tantam</strong></span> <span class='ocrx_word' id='word_1_144' title='bbox 782 1198 1117 1241; x_wconf 83' lang='lat' dir='ltr'><strong>multitudinem</strong></span> <span class='ocrx_word' id='word_1_145' title='bbox 1136 1197 1414 1236; x_wconf 75' lang='lat' dir='ltr'><strong>diversarum</strong></span> 
     </span>
     <span class='ocr_line' id='line_1_21' title="bbox 100 1250 1415 1303; baseline -0.011 -1"><span class='ocrx_word' id='word_1_146' title='bbox 100 1261 454 1303; x_wconf 89' lang='lat' dir='ltr'><strong>substantiarum</strong></span> <span class='ocrx_word' id='word_1_147' title='bbox 477 1259 628 1299; x_wconf 86' lang='lat' dir='ltr'><strong>solent</strong></span> <span class='ocrx_word' id='word_1_148' title='bbox 648 1259 821 1298; x_wconf 83' lang='lat' dir='ltr'><strong>dicere:</strong></span> <span class='ocrx_word' id='word_1_149' title='bbox 853 1257 918 1295; x_wconf 87' lang='lat' dir='ltr'><strong>ita</strong></span> <span class='ocrx_word' id='word_1_150' title='bbox 936 1259 980 1294; x_wconf 91' lang='lat' dir='ltr'><strong>et</strong></span> <span class='ocrx_word' id='word_1_151' title='bbox 997 1255 1041 1293; x_wconf 93' lang='lat' dir='ltr'><strong>in</strong></span> <span class='ocrx_word' id='word_1_152' title='bbox 1058 1252 1192 1293; x_wconf 90' lang='lat' dir='ltr'><strong>bonis</strong></span> <span class='ocrx_word' id='word_1_153' title='bbox 1209 1250 1415 1291; x_wconf 84' lang='lat' dir='ltr'><strong>volunta-</strong></span> 
     </span>
     <span class='ocr_line' id='line_1_22' title="bbox 97 1304 1418 1368; baseline -0.011 -10"><span class='ocrx_word' id='word_1_154' title='bbox 97 1318 236 1358; x_wconf 88' lang='lat' dir='ltr'><strong>tibus.</strong></span> <span class='ocrx_word' id='word_1_155' title='bbox 274 1315 387 1357; x_wconf 89' lang='lat' dir='ltr'><strong>Nam</strong></span> <span class='ocrx_word' id='word_1_156' title='bbox 407 1327 575 1368; x_wconf 83' lang='lat' dir='ltr'><strong>quaero</strong></span> <span class='ocrx_word' id='word_1_157' title='bbox 595 1314 649 1354; x_wconf 89' lang='lat' dir='ltr'><strong>ab</strong></span> <span class='ocrx_word' id='word_1_158' title='bbox 669 1315 751 1364; x_wconf 90' lang='lat' dir='ltr'><strong>eis,</strong></span> <span class='ocrx_word' id='word_1_159' title='bbox 767 1318 917 1352; x_wconf 90' lang='lat' dir='ltr'><strong>utrum</strong></span> <span class='ocrx_word' id='word_1_160' title='bbox 933 1311 1101 1350; x_wconf 88' lang='lat' dir='ltr'><strong>bonum</strong></span> <span class='ocrx_word' id='word_1_161' title='bbox 1119 1308 1178 1348; x_wconf 88' lang='lat' dir='ltr'><strong>sit</strong></span> <span class='ocrx_word' id='word_1_162' title='bbox 1197 1304 1418 1348; x_wconf 87' lang='lat' dir='ltr'><strong>delectari</strong></span> 
     </span>
     <span class='ocr_line' id='line_1_23' title="bbox 99 1359 1419 1424; baseline -0.011 -11"><span class='ocrx_word' id='word_1_163' title='bbox 99 1374 302 1414; x_wconf 89' lang='lat' dir='ltr'><strong>lectione</strong></span> <span class='ocrx_word' id='word_1_164' title='bbox 320 1371 550 1424; x_wconf 86' lang='lat' dir='ltr'><strong>Apostoli,</strong></span> <span class='ocrx_word' id='word_1_165' title='bbox 573 1375 618 1410; x_wconf 88' lang='lat' dir='ltr'><strong>et</strong></span> <span class='ocrx_word' id='word_1_166' title='bbox 635 1374 783 1409; x_wconf 88' lang='lat' dir='ltr'><strong>utrum</strong></span> <span class='ocrx_word' id='word_1_167' title='bbox 799 1369 967 1408; x_wconf 88' lang='lat' dir='ltr'><strong>bonum</strong></span> <span class='ocrx_word' id='word_1_168' title='bbox 987 1366 1046 1405; x_wconf 92' lang='lat' dir='ltr'><strong>sit</strong></span> <span class='ocrx_word' id='word_1_169' title='bbox 1064 1363 1283 1404; x_wconf 85' lang='lat' dir='ltr'><strong>delectari</strong></span> <span class='ocrx_word' id='word_1_170' title='bbox 1300 1359 1419 1414; x_wconf 90' lang='lat' dir='ltr'><strong>psal—</strong></span> 
     </span>
     <span class='ocr_line' id='line_1_24' title="bbox 100 1420 1421 1476; baseline -0.011 -7"><span class='ocrx_word' id='word_1_171' title='bbox 100 1442 174 1469; x_wconf 92' lang='lat' dir='ltr'><strong>mo</strong></span> <span class='ocrx_word' id='word_1_172' title='bbox 192 1428 363 1476; x_wconf 92' lang='lat' dir='ltr'><strong>sobrio,</strong></span> <span class='ocrx_word' id='word_1_173' title='bbox 382 1433 426 1467; x_wconf 90' lang='lat' dir='ltr'><strong>et</strong></span> <span class='ocrx_word' id='word_1_174' title='bbox 444 1431 590 1466; x_wconf 89' lang='lat' dir='ltr'><strong>utrum</strong></span> <span class='ocrx_word' id='word_1_175' title='bbox 603 1425 772 1465; x_wconf 88' lang='lat' dir='ltr'><strong>bonum</strong></span> <span class='ocrx_word' id='word_1_176' title='bbox 789 1424 848 1463; x_wconf 89' lang='lat' dir='ltr'><strong>sit</strong></span> <span class='ocrx_word' id='word_1_177' title='bbox 864 1420 1160 1475; x_wconf 84' lang='lat' dir='ltr'><strong>Evangelium</strong></span> <span class='ocrx_word' id='word_1_178' title='bbox 1179 1420 1421 1459; x_wconf 83' lang='lat' dir='ltr'><strong>disserere.</strong></span> 
     </span>
     <span class='ocr_line' id='line_1_25' title="bbox 100 1475 1421 1537; baseline -0.01 -13"><span class='ocrx_word' id='word_1_179' title='bbox 100 1484 460 1537; x_wconf 86' lang='lat' dir='ltr'><strong>Respondebunt</strong></span> <span class='ocrx_word' id='word_1_180' title='bbox 478 1482 534 1522; x_wconf 89' lang='lat' dir='ltr'><strong>ad</strong></span> <span class='ocrx_word' id='word_1_181' title='bbox 552 1481 750 1535; x_wconf 90' lang='lat' dir='ltr'><strong>singula:</strong></span> <span class='ocrx_word' id='word_1_182' title='bbox 782 1480 973 1520; x_wconf 88' lang='lat' dir='ltr'><strong>Bonum.</strong></span> <span class='ocrx_word' id='word_1_183' title='bbox 1022 1475 1141 1525; x_wconf 78' lang='lat' dir='ltr'><strong>Quid</strong></span> <span class='ocrx_word' id='word_1_184' title='bbox 1160 1475 1198 1515; x_wconf 91' lang='lat' dir='ltr'><strong>si</strong></span> <span class='ocrx_word' id='word_1_185' title='bbox 1218 1485 1328 1527; x_wconf 90' lang='lat' dir='ltr'><strong>ergo</strong></span> <span class='ocrx_word' id='word_1_186' title='bbox 1346 1484 1421 1525; x_wconf 93' lang='lat' dir='ltr'><strong>pa-</strong></span> 
     </span>
     <span class='ocr_line' id='line_1_26' title="bbox 101 1529 1420 1589; baseline -0.011 -8"><span class='ocrx_word' id='word_1_187' title='bbox 101 1542 216 1581; x_wconf 87' lang='lat' dir='ltr'><strong>riter</strong></span> <span class='ocrx_word' id='word_1_188' title='bbox 233 1539 463 1580; x_wconf 82' lang='lat' dir='ltr'><strong>delectent</strong></span> <span class='ocrx_word' id='word_1_189' title='bbox 482 1538 633 1578; x_wconf 85' lang='lat' dir='ltr'><strong>onmia</strong></span> <span class='ocrx_word' id='word_1_190' title='bbox 651 1536 873 1589; x_wconf 91' lang='lat' dir='ltr'><strong>simulque</strong></span> <span class='ocrx_word' id='word_1_191' title='bbox 890 1546 979 1574; x_wconf 92' lang='lat' dir='ltr'><strong>uno</strong></span> <span class='ocrx_word' id='word_1_192' title='bbox 999 1530 1229 1585; x_wconf 62' lang='lat' dir='ltr'><strong>tempore‘}</strong></span> <span class='ocrx_word' id='word_1_193' title='bbox 1259 1529 1420 1569; x_wconf 87' lang='lat' dir='ltr'><strong>Nonne</strong></span> 
     </span>
     <span class='ocr_line' id='line_1_27' title="bbox 106 1583 1421 1636; baseline -0.011 0"><span class='ocrx_word' id='word_1_194' title='bbox 106 1596 315 1636; x_wconf 80' lang='lat' dir='ltr'><strong>diversae</strong></span> <span class='ocrx_word' id='word_1_195' title='bbox 333 1595 591 1635; x_wconf 79' lang='lat' dir='ltr'><strong>voluntates</strong></span> <span class='ocrx_word' id='word_1_196' title='bbox 611 1592 874 1632; x_wconf 88' lang='lat' dir='ltr'><strong>distendunt</strong></span> <span class='ocrx_word' id='word_1_197' title='bbox 890 1602 969 1630; x_wconf 90' lang='lat' dir='ltr'><strong>cor</strong></span> <span class='ocrx_word' id='word_1_198' title='bbox 986 1587 1203 1635; x_wconf 87' lang='lat' dir='ltr'><strong>hominis,</strong></span> <span class='ocrx_word' id='word_1_199' title='bbox 1229 1597 1328 1625; x_wconf 88' lang='lat' dir='ltr'><strong>cum</strong></span> <span class='ocrx_word' id='word_1_200' title='bbox 1348 1583 1421 1623; x_wconf 91' lang='lat' dir='ltr'><strong>de-</strong></span> 
     </span>
     <span class='ocr_line' id='line_1_28' title="bbox 105 1642 1421 1704; baseline -0.011 -13"><span class='ocrx_word' id='word_1_201' title='bbox 105 1652 349 1701; x_wconf 88' lang='lat' dir='ltr'><strong>liberatur,</strong></span> <span class='ocrx_word' id='word_1_202' title='bbox 383 1650 491 1704; x_wconf 88' lang='lat' dir='ltr'><strong>quid</strong></span> <span class='ocrx_word' id='word_1_203' title='bbox 523 1650 814 1703; x_wconf 86' lang='lat' dir='ltr'><strong>potissimum</strong></span> <span class='ocrx_word' id='word_1_204' title='bbox 847 1642 1145 1698; x_wconf 61' lang='lat' dir='ltr'><strong>adripiamus‘!</strong></span> <span class='ocrx_word' id='word_1_205' title='bbox 1174 1642 1233 1681; x_wconf 90' lang='lat' dir='ltr'><strong>Et</strong></span> <span class='ocrx_word' id='word_1_206' title='bbox 1266 1650 1421 1680; x_wconf 85' lang='lat' dir='ltr'><strong>omnes</strong></span> 
     </span>
     <span class='ocr_line' id='line_1_29' title="bbox 106 1698 1419 1752; baseline -0.011 -5"><span class='ocrx_word' id='word_1_207' title='bbox 106 1707 254 1747; x_wconf 87' lang='lat' dir='ltr'><strong>bonae</strong></span> <span class='ocrx_word' id='word_1_208' title='bbox 280 1711 384 1746; x_wconf 85' lang='lat' dir='ltr'><strong>sunt</strong></span> <span class='ocrx_word' id='word_1_209' title='bbox 409 1711 453 1745; x_wconf 90' lang='lat' dir='ltr'><strong>et</strong></span> <span class='ocrx_word' id='word_1_210' title='bbox 476 1710 651 1745; x_wconf 88' lang='lat' dir='ltr'><strong>certant</strong></span> <span class='ocrx_word' id='word_1_211' title='bbox 676 1716 849 1752; x_wconf 90' lang='lat' dir='ltr'><strong>secum,</strong></span> <span class='ocrx_word' id='word_1_212' title='bbox 875 1701 1020 1740; x_wconf 86' lang='lat' dir='ltr'><strong>donec</strong></span> <span class='ocrx_word' id='word_1_213' title='bbox 1053 1698 1247 1750; x_wconf 85' lang='lat' dir='ltr'><strong>eligatur</strong></span> <span class='ocrx_word' id='word_1_214' title='bbox 1268 1707 1419 1744; x_wconf 88' lang='lat' dir='ltr'><strong>unum,</strong></span> 
     </span>
     <span class='ocr_line' id='line_1_30' title="bbox 105 1750 1420 1816; baseline -0.01 -14"><span class='ocrx_word' id='word_1_215' title='bbox 105 1775 193 1816; x_wconf 89' lang='lat' dir='ltr'><strong>quo</strong></span> <span class='ocrx_word' id='word_1_216' title='bbox 212 1761 386 1802; x_wconf 84' lang='lat' dir='ltr'><strong>feratur</strong></span> <span class='ocrx_word' id='word_1_217' title='bbox 404 1766 505 1801; x_wconf 86' lang='lat' dir='ltr'><strong>tota</strong></span> <span class='ocrx_word' id='word_1_218' title='bbox 519 1760 729 1801; x_wconf 82' lang='lat' dir='ltr'><strong>voluntas</strong></span> <span class='ocrx_word' id='word_1_219' title='bbox 749 1771 857 1807; x_wconf 86' lang='lat' dir='ltr'><strong>una,</strong></span> <span class='ocrx_word' id='word_1_220' title='bbox 883 1767 995 1809; x_wconf 88' lang='lat' dir='ltr'><strong>quae</strong></span> <span class='ocrx_word' id='word_1_221' title='bbox 1014 1755 1059 1794; x_wconf 87' lang='lat' dir='ltr'><strong>in</strong></span> <span class='ocrx_word' id='word_1_222' title='bbox 1076 1753 1230 1806; x_wconf 89' lang='lat' dir='ltr'><strong>plures</strong></span> <span class='ocrx_word' id='word_1_223' title='bbox 1250 1750 1420 1791; x_wconf 89' lang='lat' dir='ltr'><strong>divide-</strong></span> 
     </span>
     <span class='ocr_line' id='line_1_31' title="bbox 103 1806 1420 1860; baseline -0.011 -2"><span class='ocrx_word' id='word_1_224' title='bbox 103 1818 250 1858; x_wconf 86' lang='lat' dir='ltr'><strong>batur.</strong></span> <span class='ocrx_word' id='word_1_225' title='bbox 310 1817 377 1856; x_wconf 89' lang='lat' dir='ltr'><strong>lta</strong></span> <span class='ocrx_word' id='word_1_226' title='bbox 412 1817 547 1856; x_wconf 86' lang='lat' dir='ltr'><strong>etiam</strong></span> <span class='ocrx_word' id='word_1_227' title='bbox 573 1828 672 1854; x_wconf 91' lang='lat' dir='ltr'><strong>cum</strong></span> <span class='ocrx_word' id='word_1_228' title='bbox 697 1813 943 1853; x_wconf 85' lang='lat' dir='ltr'><strong>aeternitas</strong></span> <span class='ocrx_word' id='word_1_229' title='bbox 973 1810 1173 1850; x_wconf 88' lang='lat' dir='ltr'><strong>delectat</strong></span> <span class='ocrx_word' id='word_1_230' title='bbox 1196 1806 1420 1860; x_wconf 88' lang='lat' dir='ltr'><strong>superius,</strong></span> 
     </span>
     <span class='ocr_line' id='line_1_32' title="bbox 106 1861 1421 1925; baseline -0.011 -12"><span class='ocrx_word' id='word_1_231' title='bbox 106 1879 153 1914; x_wconf 90' lang='lat' dir='ltr'><strong>et</strong></span> <span class='ocrx_word' id='word_1_232' title='bbox 176 1872 441 1925; x_wconf 89' lang='lat' dir='ltr'><strong>temporalis</strong></span> <span class='ocrx_word' id='word_1_233' title='bbox 458 1871 567 1911; x_wconf 90' lang='lat' dir='ltr'><strong>boni</strong></span> <span class='ocrx_word' id='word_1_234' title='bbox 585 1870 794 1922; x_wconf 76' lang='lat' dir='ltr'><strong>voluptas</strong></span> <span class='ocrx_word' id='word_1_235' title='bbox 812 1872 1010 1907; x_wconf 89' lang='lat' dir='ltr'><strong>retentat</strong></span> <span class='ocrx_word' id='word_1_236' title='bbox 1028 1864 1241 1913; x_wconf 87' lang='lat' dir='ltr'><strong>inferius,</strong></span> <span class='ocrx_word' id='word_1_237' title='bbox 1263 1861 1421 1901; x_wconf 87' lang='lat' dir='ltr'><strong>eadem</strong></span> 
     </span>
     <span class='ocr_line' id='line_1_33' title="bbox 105 1917 1418 1977; baseline -0.011 -8"><span class='ocrx_word' id='word_1_238' title='bbox 105 1929 255 1969; x_wconf 87' lang='lat' dir='ltr'><strong>anima</strong></span> <span class='ocrx_word' id='word_1_239' title='bbox 279 1933 368 1977; x_wconf 84' lang='lat' dir='ltr'><strong>est,</strong></span> <span class='ocrx_word' id='word_1_240' title='bbox 401 1939 491 1966; x_wconf 90' lang='lat' dir='ltr'><strong>non</strong></span> <span class='ocrx_word' id='word_1_241' title='bbox 517 1931 612 1965; x_wconf 87' lang='lat' dir='ltr'><strong>tota</strong></span> <span class='ocrx_word' id='word_1_242' title='bbox 635 1926 869 1965; x_wconf 83' lang='lat' dir='ltr'><strong>voluntate</strong></span> <span class='ocrx_word' id='word_1_243' title='bbox 893 1921 1006 1962; x_wconf 89' lang='lat' dir='ltr'><strong>illud</strong></span> <span class='ocrx_word' id='word_1_244' title='bbox 1029 1925 1106 1960; x_wconf 90' lang='lat' dir='ltr'><strong>aut</strong></span> <span class='ocrx_word' id='word_1_245' title='bbox 1128 1918 1215 1958; x_wconf 90' lang='lat' dir='ltr'><strong>hoc</strong></span> <span class='ocrx_word' id='word_1_246' title='bbox 1237 1917 1418 1965; x_wconf 82' lang='lat' dir='ltr'><strong>volens3</strong></span> 
     </span>
     <span class='ocr_line' id='line_1_34' title="bbox 102 1974 1419 2034; baseline -0.011 -10"><span class='ocrx_word' id='word_1_247' title='bbox 102 1991 148 2025; x_wconf 88' lang='lat' dir='ltr'><strong>et</strong></span> <span class='ocrx_word' id='word_1_248' title='bbox 165 1984 269 2023; x_wconf 88' lang='lat' dir='ltr'><strong>ideo</strong></span> <span class='ocrx_word' id='word_1_249' title='bbox 291 1982 562 2034; x_wconf 84' lang='lat' dir='ltr'><strong>discerpitur</strong></span> <span class='ocrx_word' id='word_1_250' title='bbox 581 1981 704 2033; x_wconf 78' lang='lat' dir='ltr'><strong>gravi</strong></span> <span class='ocrx_word' id='word_1_251' title='bbox 724 1979 950 2028; x_wconf 88' lang='lat' dir='ltr'><strong>molestia,</strong></span> <span class='ocrx_word' id='word_1_252' title='bbox 972 1977 1075 2017; x_wconf 88' lang='lat' dir='ltr'><strong>dum</strong></span> <span class='ocrx_word' id='word_1_253' title='bbox 1092 1974 1208 2015; x_wconf 89' lang='lat' dir='ltr'><strong>illud</strong></span> <span class='ocrx_word' id='word_1_254' title='bbox 1224 1974 1419 2014; x_wconf 82' lang='lat' dir='ltr'><strong>veritate</strong></span> 
     </span>
     <span class='ocr_line' id='line_1_35' title="bbox 100 2034 1061 2094; baseline -0.009 -14"><span class='ocrx_word' id='word_1_255' title='bbox 100 2039 356 2094; x_wconf 87' lang='lat' dir='ltr'><strong>praeponit,</strong></span> <span class='ocrx_word' id='word_1_256' title='bbox 380 2037 466 2077; x_wconf 89' lang='lat' dir='ltr'><strong>hoc</strong></span> <span class='ocrx_word' id='word_1_257' title='bbox 483 2036 793 2076; x_wconf 86' lang='lat' dir='ltr'><strong>familiaritate</strong></span> <span class='ocrx_word' id='word_1_258' title='bbox 812 2047 902 2073; x_wconf 91' lang='lat' dir='ltr'><strong>non</strong></span> <span class='ocrx_word' id='word_1_259' title='bbox 920 2034 1061 2087; x_wconf 88' lang='lat' dir='ltr'><strong>ponit.</strong></span> 
     </span>
    </p>

    <p class='ocr_par' dir='ltr' id='par_1_3' title="bbox 102 2083 1419 2254">
     <span class='ocr_line' id='line_1_36' title="bbox 187 2083 1418 2145; baseline -0.01 -11"><span class='ocrx_word' id='word_1_260' title='bbox 187 2096 234 2135; x_wconf 86' lang='lat' dir='ltr'><strong>C.</strong></span> <span class='ocrx_word' id='word_1_261' title='bbox 260 2094 337 2134; x_wconf 90' lang='lat' dir='ltr'><strong>XI.</strong></span> <span class='ocrx_word' id='word_1_262' title='bbox 399 2092 473 2133; x_wconf 86' lang='lat' dir='ltr'><strong>Sic</strong></span> <span class='ocrx_word' id='word_1_263' title='bbox 493 2091 784 2145; x_wconf 87' lang='lat' dir='ltr'><strong>aegrotabam</strong></span> <span class='ocrx_word' id='word_1_264' title='bbox 803 2095 847 2129; x_wconf 90' lang='lat' dir='ltr'><strong>et</strong></span> <span class='ocrx_word' id='word_1_265' title='bbox 866 2085 1177 2135; x_wconf 84' lang='lat' dir='ltr'><strong>excruciabar,</strong></span> <span class='ocrx_word' id='word_1_266' title='bbox 1196 2083 1418 2124; x_wconf 88' lang='lat' dir='ltr'><strong>adcusans</strong></span> 
     </span>
     <span class='ocr_line' id='line_1_37' title="bbox 102 2141 1419 2203; baseline -0.011 -11"><span class='ocrx_word' id='word_1_267' title='bbox 102 2155 270 2193; x_wconf 88' lang='lat' dir='ltr'><strong>memet</strong></span> <span class='ocrx_word' id='word_1_268' title='bbox 285 2151 429 2203; x_wconf 91' lang='lat' dir='ltr'><strong>ipsum</strong></span> <span class='ocrx_word' id='word_1_269' title='bbox 444 2148 582 2188; x_wconf 89' lang='lat' dir='ltr'><strong>solito</strong></span> <span class='ocrx_word' id='word_1_270' title='bbox 599 2147 805 2187; x_wconf 85' lang='lat' dir='ltr'><strong>acerbius</strong></span> <span class='ocrx_word' id='word_1_271' title='bbox 824 2145 971 2194; x_wconf 88' lang='lat' dir='ltr'><strong>nimis,</strong></span> <span class='ocrx_word' id='word_1_272' title='bbox 991 2156 1042 2183; x_wconf 88' lang='lat' dir='ltr'><strong>ac</strong></span> <span class='ocrx_word' id='word_1_273' title='bbox 1055 2141 1241 2182; x_wconf 84' lang='lat' dir='ltr'><strong>volvens</strong></span> <span class='ocrx_word' id='word_1_274' title='bbox 1261 2144 1307 2179; x_wconf 89' lang='lat' dir='ltr'><strong>et</strong></span> <span class='ocrx_word' id='word_1_275' title='bbox 1322 2150 1419 2178; x_wconf 87' lang='lat' dir='ltr'><strong>ver-</strong></span> 
     </span>
     <span class='ocr_line' id='line_1_38' title="bbox 107 2199 1417 2254; baseline -0.011 -6"><span class='ocrx_word' id='word_1_276' title='bbox 107 2220 210 2249; x_wconf 86' lang='lat' dir='ltr'><strong>sans</strong></span> <span class='ocrx_word' id='word_1_277' title='bbox 229 2218 301 2247; x_wconf 88' lang='lat' dir='ltr'><strong>me</strong></span> <span class='ocrx_word' id='word_1_278' title='bbox 319 2206 364 2245; x_wconf 90' lang='lat' dir='ltr'><strong>in</strong></span> <span class='ocrx_word' id='word_1_279' title='bbox 381 2204 562 2246; x_wconf 83' lang='lat' dir='ltr'><strong>vinculo</strong></span> <span class='ocrx_word' id='word_1_280' title='bbox 580 2215 682 2244; x_wconf 89' lang='lat' dir='ltr'><strong>meo</strong></span> <span class='ocrx_word' id='word_1_281' title='bbox 695 2233 706 2254; x_wconf 93' lang='lat'>‚</span> <span class='ocrx_word' id='word_1_282' title='bbox 732 2202 877 2243; x_wconf 87' lang='grc'><strong>(101166</strong></span> <span class='ocrx_word' id='word_1_283' title='bbox 899 2200 1241 2252; x_wconf 81' lang='lat' dir='ltr'><strong>abrumperetur</strong></span> <span class='ocrx_word' id='word_1_284' title='bbox 1256 2199 1417 2242; x_wconf 90' lang='lat' dir='ltr'><strong>totum,</strong></span> 
     </span>
    </p>
   </div>
  </div>
 </body>
</html>
