1473 2443
98 116 180 156 214
425 114 694 157 AURELII
722 115 1084 159 AUGUSTINI

98 212 177 239 cor
194 196 407 249 hominis,
425 205 474 240 ut
492 204 584 240 stet
601 205 646 241 et
661 199 834 251 videat,
860 214 947 255 quo
967 202 1103 243 modo
1123 206 1247 243 stans
1267 201 1410 244 dictet

96 255 249 296 futura
267 261 311 295 et
326 256 576 308 praeterita
592 261 819 310 tempora,
837 269 921 297 nec
938 257 1092 298 futura
1108 270 1190 299 nec
1209 264 1407 312 praeter-

97 312 164 351 ita
185 310 457 351 aeternitasZ
485 310 714 366 Numquid
736 324 894 352 manus
920 326 1023 353 mea
1043 314 1167 354 valet
1184 312 1293 364 hoc,
1331 319 1409 354 aut

95 379 251 406 manus
274 367 366 407 oris
385 368 474 407 mei
491 379 573 420 per
590 368 798 420 loquelas
817 369 912 422 agit
928 374 1018 409 tam
1037 369 1256 423 grandem
1275 369 1394 409 rem‘ss

180 423 227 462 C.
252 421 348 462 XII.
407 423 530 464 Ecce
559 423 814 477 respondeo
850 424 1039 465 dicenti:
1073 425 1181 479 quid
1209 424 1411 466 faciebat

95 478 240 527 Deus,
260 483 362 518 ante
383 490 513 531 quam
532 477 708 519 faceret
725 479 905 519 coelum
923 485 969 521 et
983 480 1177 520 terram}
1208 481 1410 534 Respon-

98 534 183 573 deo
207 545 296 573 non
318 534 454 583 illud,
479 534 601 587 quod
624 535 805 588 quidam
826 536 1119 589 respondisse
1141 535 1408 591 perhibetur

95 589 363 629 ioculariter
401 590 588 630 eludens
627 591 909 644 quaestionis
945 592 1228 632 violentiam:
1260 592 1409 642 ‚,Alta‚

94 645 259 697 inquit,
292 646 599 686 scrutantibus
632 645 861 700 gehennas
893 646 1129 701 parabat.“
1185 648 1319 688 Aliud
1341 652 1412 687 est

97 701 273 749 videre,
292 701 414 741 aliud
430 701 596 741 ridere.
654 704 784 744 Haec
802 715 892 742 non
909 703 1183 757 respondeo.
1241 702 1408 743 Liben-

97 756 187 796 tius
208 757 326 796 enim
357 758 693 810 responderim:
726 759 883 799 nescio
920 759 1042 812 quod
1065 760 1243 810 nesci03
1276 772 1409 813 quam

95 811 229 861 illud,
253 811 370 851 unde
388 812 626 863 irridetur,
652 814 728 866 qui
746 814 839 853 alta
855 814 1175 869 interrogavit,
1196 821 1242 855 et
1257 815 1409 855 lauda-

95 872 193 916 tur,
218 868 293 920 qui
314 866 433 907 falsa
453 868 704 922 respondit.
764 868 855 910 Sed
879 870 981 911 dico
1004 875 1071 920 te,
1094 870 1219 911 Deus
1238 875 1409 917 noster,

99 923 243 962 omnis
287 928 523 963 creaturae
564 929 839 975 creatorem3
877 932 922 965 et
958 927 998 965 si
1031 927 1151 967 coeli
1184 931 1230 967 et
1259 931 1411 967 terrae

94 978 277 1017 nomine
312 979 455 1018 omnis
489 984 698 1019 creatura
718 980 1012 1034 intelligitur,
1043 983 1263 1023 audenter
1286 982 1410 1022 dico:

95 1034 209 1073 Ante
230 1046 361 1086 quam
377 1033 551 1074 faceret
560 1034 687 1075 Deus
707 1035 884 1075 coelum
902 1042 947 1077 et
963 1042 1145 1089 terram,
1164 1050 1256 1078 non
1272 1037 1411 1078 facie-

94 1088 175 1129 bat
191 1088 380 1142 aliquid;
412 1090 451 1130 si
469 1091 587 1130 enim
604 1089 821 1142 faciebat,
846 1092 953 1146 quid
969 1093 1056 1133 nisi
1076 1099 1329 1134 creaturam
1347 1092 1412 1133 fa·

96 1144 272 1185 ciebat&
301 1145 363 1184 Et
381 1146 551 1186 utinam
575 1147 641 1187 sic
665 1147 825 1197 sciam,
852 1148 1072 1202 quidquid
1094 1149 1273 1189 utiliter
1290 1149 1409 1190 scire

98 1202 252 1254 cupio,
272 1201 648 1254 quemadmodum
666 1204 778 1253 sci0,
800 1203 921 1257 quod
938 1204 1063 1246 nulla
1079 1204 1217 1246 fiebat
1236 1209 1410 1246 creatu-

95 1266 162 1307 ra,
182 1261 286 1296 ante
306 1269 437 1309 quam
455 1257 587 1297 fleret
604 1258 699 1298 ulla
717 1259 944 1300 creatura!

181 1312 227 1351 C.
246 1311 366 1352 XIII.
423 1314 479 1353 At
492 1315 531 1354 si
545 1313 809 1367 cuiusquam
822 1315 1022 1356 volatilis
1043 1328 1202 1357 sensus
1219 1321 1412 1370 vagatur

94 1378 177 1421 per
197 1368 419 1422 imagines
443 1374 567 1409 retro
587 1375 863 1424 temporum,
890 1376 936 1411 et
950 1377 1018 1422 te,
1040 1371 1190 1413 Deum
1209 1374 1410 1426 omnipo-

97 1427 267 1463 tentem
300 1429 346 1464 et
370 1425 723 1466 omnicreantem
747 1431 791 1466 et
815 1427 1189 1478 omnitenentem,
1223 1428 1343 1468 coeli
1366 1432 1412 1468 et

95 1483 245 1518 terrae
270 1481 511 1530 artificem,
536 1481 590 1520 ab
616 1493 753 1534 opere
777 1487 924 1533 tanto,
949 1489 1052 1523 ante
1078 1496 1210 1537 quam
1225 1483 1274 1523 id
1290 1483 1410 1524 face-

94 1546 184 1583 res,
204 1547 285 1587 per
302 1536 649 1576 innumerabilia
666 1538 850 1578 saecula
868 1551 1072 1579 cessasse
1091 1540 1299 1591 miratur3
1321 1539 1410 1579 evi-

96 1590 209 1642 gilet
232 1596 366 1643 atque
385 1591 621 1642 adtendat,
644 1594 748 1646 quia
765 1593 882 1634 falsa
898 1596 1099 1635 miratur.
1158 1594 1271 1635 Nam
1290 1594 1409 1634 unde

94 1651 306 1697 poterant
322 1648 671 1689 innumerabilia
688 1649 872 1690 saecula
888 1650 1156 1702 praeterire,
1176 1662 1290 1704 quae
1308 1651 1407 1704 ipse

93 1712 184 1739 non
206 1699 402 1752 feceras,
437 1717 536 1743 cum
561 1704 624 1744 sis
651 1706 847 1744 omnium
869 1705 1155 1745 saeculorum
1179 1711 1339 1746 auctor
1364 1710 1410 1746 et

95 1755 328 1796 conditorit
359 1758 445 1797 Aut
478 1771 592 1811 quae
624 1765 830 1812 tempora
861 1759 1075 1810 fuissent,
1111 1773 1225 1814 quae
1258 1762 1338 1802 abs
1360 1767 1407 1801 te

96 1811 280 1851 condita
309 1825 398 1851 non
423 1815 600 1854 essent?
628 1816 716 1854 Aut
740 1828 827 1868 quo
851 1816 986 1856 modo
1012 1817 1334 1869 praeterirent,
1368 1817 1404 1856 si

94 1879 334 1919 numquam
362 1867 581 1909 fuissent?
613 1870 721 1910 Cum
747 1883 855 1924 ergo
882 1872 943 1911 sis
969 1877 1184 1925 operator
1209 1873 1408 1913 omnium

93 1927 361 1974 temporum,
381 1924 419 1962 si
436 1923 524 1964 fuit
541 1925 726 1979 aliquod
744 1930 936 1978 tempus,
957 1932 1058 1967 ante
1079 1940 1210 1981 quam
1228 1927 1406 1968 faceres

96 1978 275 2017 coelum
299 1983 344 2017 et
365 1984 554 2029 terram,
581 1993 660 2020 cur
678 1980 861 2031 dicitur,
888 1983 1011 2035 quod
1029 1984 1083 2023 ab
1104 1996 1240 2036 opere
1261 1995 1409 2023 cessa-

95 2033 201 2073 bas?
217 2033 268 2073 Id
284 2034 430 2087 ipsum
449 2036 566 2074 enim
583 2039 760 2088 tempus
778 2041 829 2077 tu
845 2036 1036 2088 feceras,
1057 2051 1140 2078 nec
1157 2040 1408 2091 praeterire

95 2094 343 2142 potuerunt
362 2094 568 2144 tempora
592 2096 694 2131 ante
722 2104 853 2144 quam
875 2093 1052 2133 faceres
1076 2099 1295 2147 tempora.
1359 2094 1409 2135 Si

98 2149 248 2184 autem
260 2150 363 2185 ante
378 2146 555 2186 eoelum
574 2151 618 2186 et
634 2152 803 2187 terram
820 2149 991 2188 nullum
1009 2154 1105 2188 erat
1120 2154 1312 2202 tempus,
1328 2161 1407 2189 cur

98 2202 349 2252 quaeritur,
384 2201 491 2254 quid
512 2207 619 2242 tunc
641 2202 867 2243 faciebas&
899 2204 999 2244 Non
1024 2205 1140 2245 enim
1166 2210 1262 2245 erat
1283 2210 1404 2254 tunc,
