1473 2443
101 138 182 176 270
427 135 698 176 AURELH
729 133 1097 176 AUGUSTINI

100 225 303 274 potator,
339 220 484 259 donec
508 219 752 260 roboretur
776 219 834 259 ad
857 218 1052 260 solidum
1077 218 1224 258 cibum
1248 219 1291 267 (l
1312 218 1414 258 Cor.

102 278 141 326 3,
164 279 201 316 l.
222 290 256 316 s.
289 275 430 316 Hebr.
449 275 489 325 5,
511 276 573 315 12.
595 278 693 326 ss.),
727 280 773 315 et
798 276 941 315 aciem
965 276 1114 314 firmet
1137 274 1195 314 ad
1216 273 1316 314 solis
1342 274 1416 313 ad-

102 338 321 384 spectum,
337 343 427 371 non
446 330 610 371 habeat
628 331 855 371 desertam
871 337 1039 370 noctem
1058 344 1197 381 suam,
1217 329 1299 370 sed
1316 329 1417 369 luce

103 389 230 427 lanae
260 387 567 439 stellarumque
609 391 849 427 contentus
884 387 956 427 sit.
1014 386 1144 426 Haec
1182 385 1420 426 nobiscum

105 444 325 496 disputas,
345 443 678 496 sapientissime
697 442 823 483 Deus
840 447 1011 492 noster,
1030 443 1076 482 in
1094 442 1211 481 libro
1229 441 1419 495 tu0‚fir-

106 505 321 538 mamento
341 503 441 547 tuo,
468 503 517 538 ut
537 498 845 538 discernamus
865 499 1015 537 onmia
1033 498 1417 550 contemplatione

104 555 318 604 mirabili,
337 554 538 607 quamvis
558 553 704 594 adhuc
721 553 767 593 in
785 553 937 608 signis,
957 552 1061 594 etin
1080 553 1359 607 temporibaS,
1379 559 1422 592 et

105 611 151 651 in
172 609 331 658 diebus,
353 616 394 650 et
411 609 458 649 in
478 609 616 650 annis.

192 666 239 707 C.
261 665 384 706 XIX.
446 665 536 706 Sed
559 667 682 718 prius
706 665 938 715 lavamini,
967 664 1121 705 mundi
1144 669 1314 715 estote3
1347 677 1421 705 au-

107 722 224 762 ferte
245 721 493 775 nequitiam
511 722 565 761 ab
586 722 746 760 animis
764 722 949 772 vestris,
977 727 1111 774 atque
1130 734 1156 760 a
1174 726 1423 773 conspectu

111 779 347 818 oculorum
371 790 595 827 meorum,
629 782 678 816 ut
701 777 917 829 adpareat
939 776 1080 816 arida.
1140 776 1315 816 Discite
1341 778 1421 816 bo-

108 847 214 874 num
236 833 410 882 facere,
444 833 643 873 iudicate
668 833 863 886 pupillo,
891 837 936 872 et
957 833 1203 873 iustificate
1227 832 1423 882 viduam,

108 896 158 929 ut
171 888 392 942 germinet
413 894 533 929 terra
551 888 729 928 herbam
747 888 920 941 pabuli,
965 895 1006 929 et
1028 887 1422 944 Iignamfructife-

110 957 232 993 ram;
264 949 310 984 et
335 945 509 994 venite,
544 944 845 997 disputemus,
880 945 992 985 dicit
1016 944 1238 984 Dominus
1259 944 1365 992 (les.
1386 946 1425 994 l,

112 999 177 1039 16.
199 1003 296 1050 55.),
328 999 502 1054 utfiant
527 999 765 1039 luminaria
787 999 1128 1053 infit-mamento
1149 999 1275 1049 coeli,
1303 1005 1345 1039 et
1362 1001 1423 1041 Ia·

111 1062 239 1095 ceant
253 1068 382 1107 super
400 1062 577 1095 terram.
641 1055 900 1103 Quaerebat
919 1056 1044 1096 dives
1063 1055 1141 1096 ille
1161 1068 1187 1095 a
1202 1057 1423 1109 magistro

109 1111 254 1160 bono,
289 1110 396 1162 quid
417 1109 611 1160 faceret,
635 1115 684 1150 ut
707 1111 844 1150 vitam
867 1116 1099 1150 aeternam
1124 1124 1425 1164 consequere-

108 1173 196 1207 tur.
232 1164 413 1215 (Matth.
442 1165 507 1215 19,
533 1165 596 1206 16.
629 1168 709 1216 ss.)
768 1165 905 1206 Dicat
940 1168 981 1206 ei
1012 1167 1233 1219 magister
1263 1168 1426 1217 bonus,

112 1234 245 1275 quem
270 1222 456 1275 putabat
479 1220 728 1271 hominem,
753 1226 798 1261 et
822 1221 935 1261 nihil
958 1223 1148 1275 amplius
1169 1222 1333 1271 (bonus
1358 1228 1429 1262 est

113 1283 283 1327 autem,
310 1279 415 1330 quia
431 1276 556 1316 Deus
577 1280 687 1327 est),
713 1277 835 1317 dicat
852 1279 913 1327 ei,
940 1283 1007 1327 ut,
1027 1279 1067 1317 si
1083 1278 1179 1317 vult
1195 1278 1350 1317 venire
1370 1279 1427 1319 ad

110 1334 271 1382 vitam,
307 1338 459 1372 servet
480 1332 711 1384 mandata3
744 1338 927 1385 separet
950 1346 977 1372 a
999 1345 1047 1373 se
1081 1333 1427 1373 amaritudinem

112 1389 313 1429 malitiae
338 1393 471 1442 atque
491 1389 742 1442 nequitiae3
774 1401 865 1428 non
885 1389 1084 1438 occidat,
1109 1401 1200 1428 non
1216 1388 1426 1429 moeche-

111 1452 204 1494 tur,
238 1456 330 1484 non
353 1443 551 1494 furetur,
576 1456 667 1484 non
691 1442 855 1484 falsum
877 1445 1189 1484 testimonium
1213 1444 1353 1495 dicat,
1378 1451 1428 1485 ut

112 1501 327 1552 adpareat
355 1499 510 1548 arida;
542 1506 585 1539 et
612 1499 833 1553 germinet
856 1499 1076 1540 honorem
1100 1502 1241 1554 patris
1268 1505 1312 1540 et
1336 1513 1427 1540 ma-

110 1557 216 1605 tris,
256 1562 301 1595 et
334 1555 628 1595 dilectionem
663 1556 872 1608 proximi.
931 1556 1061 1605 Feci,
1108 1556 1275 1608 inquit,
1313 1555 1426 1596 haec

113 1612 277 1651 omnia.
337 1611 464 1651 Unde
485 1623 595 1664 ergo
614 1616 768 1650 tantae
788 1612 964 1664 spinae,
992 1612 1032 1651 si
1049 1616 1172 1650 terra
1189 1610 1428 1651 fructifera

111 1666 213 1706 est‘}
237 1665 387 1716 Vade,
407 1667 608 1719 exstirpa
625 1667 797 1706 silvosa
815 1667 997 1706 dumeta
1013 1667 1246 1716 avaritiae,
1264 1667 1426 1716 vende,

111 1735 225 1775 quae
244 1722 470 1774 possides,
490 1728 534 1762 et
551 1721 948 1776 implerefragibas
969 1722 1116 1761 dando
1134 1721 1425 1775 pauperibus,

112 1783 157 1817 et
174 1776 361 1817 habebis
380 1777 641 1817 thesaurum
658 1779 704 1817 in
723 1778 881 1827 coelis,
901 1782 947 1817 et
964 1789 1155 1829 sequere
1167 1776 1425 1826 Dominum,

111 1834 151 1873 si
166 1835 234 1872 vis
254 1845 354 1872 esse
373 1832 619 1886 perfectus,
640 1834 705 1872 eis
724 1834 939 1881 sociatus,
953 1834 1073 1872 inter
1091 1845 1205 1885 quos
1224 1833 1428 1886 loquitur

112 1889 384 1952 sapientiam
405 1888 506 1938 ille,
533 1889 607 1941 qui
634 1889 778 1938 noxit,
804 1888 909 1941 quid
934 1887 1170 1928 distribuat
1186 1888 1272 1928 diei
1289 1895 1331 1928 et
1348 1902 1423 1928 no·

113 1944 190 1994 cti,
215 1949 266 1984 ut
287 1956 412 1983 nous
433 1948 477 1983 et
501 1949 570 1985 tu.
595 1942 779 1995 utfiant
797 1949 842 1982 et
859 1943 943 1983 tibi
960 1943 1195 1983 lemnnaria
1212 1943 1424 1998 infirma·

111 2006 253 2040 mento
274 1999 407 2047 coeli;
440 1998 559 2054 quod
577 2011 667 2038 non
686 1999 783 2046 fiet,
809 1998 896 2037 nisi
913 1998 1053 2039 fuerit
1070 2000 1165 2039 illic
1186 2011 1264 2039 cor
1280 2004 1425 2050 tuum3

116 2056 238 2109 quod
254 2057 364 2096 item
383 2068 473 2095 non
492 2055 589 2103 fiet,
624 2054 711 2092 nisi
730 2053 830 2093 fuel
834 2054 869 2092 it
901 2054 997 2094 illic
1030 2053 1272 2094 thesaurus
1303 2059 1424 2104 tuus,

114 2113 233 2151 sicut
265 2112 433 2152 audisti
451 2123 476 2150 a
492 2112 710 2163 magistro
745 2110 882 2149 bono.
908 2109 1087 2173 (Matth.
1113 2109 1151 2159 6,
1170 2111 1236 2149 2.]
1255 2112 1272 2160 )
1334 2109 1426 2150 Sed

116 2169 386 2207 contristata
409 2171 478 2206 est
498 2170 622 2205 terra
647 2165 836 2215 sterilis,
863 2170 907 2204 et
930 2166 1084 2219 spinae
1110 2164 1426 2206 offocaverunt

112 2225 312 2265 verbum.
334 2221 515 2274 (Matth.
542 2221 605 2272 13,
624 2222 663 2261 7.
683 2222 770 2271 22.)
829 2219 925 2261 Vos
958 2226 1121 2272 autem,
1157 2233 1298 2275 genus
1335 2221 1423 2262 ele=
