1514 2438
298 134 841 178 CONFESSIONUM
871 136 1076 178 LIBER
1105 136 1160 179 V.
1339 137 1390 178 65

69 217 185 260 hanc
210 220 349 272 viam,
380 227 425 262 et
441 227 603 274 putant
621 234 670 262 se
689 223 902 263 excelsos
924 235 1026 263 6556
1046 235 1146 263 611111
1166 221 1394 263 sideribus

68 280 113 315 et
136 276 332 327 lucidos,
359 282 404 318 et
431 290 538 318 ecce
561 284 752 318 ruerunt
775 279 821 318 111
839 284 1029 328 terram,
1057 285 1100 319 et
1117 278 1396 319 obscurarunt

68 338 133 371 est
161 332 368 386 insipiens
397 347 473 374 cor
497 347 660 374 eorum,
721 334 780 374 Et
803 335 945 375 multa
969 347 1078 375 vera
1101 335 1156 376 de
1183 341 1395 375 creatura

68 388 237 439 dicunt,
253 394 299 429 et
312 391 551 430 veritatem
566 394 804 431 creaturae
821 392 1043 431 artificem
1056 403 1147 432 non
1166 392 1240 445 pie
1262 404 1397 445 quae-

67 449 186 494 runt,
215 450 261 485 et
282 445 388 486 ideo
415 459 506 486 non
529 447 787 486 inveniunt:
821 453 899 487 aut
922 448 959 487 si
978 448 1216 488 inveniunt
1235 461 1396 502 cogno-

66 507 231 541 scentes
254 498 418 551 Deum,
447 515 535 542 non
558 500 832 543 sicutDeum
849 502 1096 554 honorant,
1127 511 1206 544 aut
1218 503 1396 559 gratias

66 563 229 610 agant,
252 558 329 597 sed
350 565 613 599 evanescant
628 557 674 598 in
693 558 1038 613 cogitationibus
1055 560 1163 609 suis,
1187 567 1230 601 et
1246 559 1399 600 dicunt

64 625 107 652 se
125 625 211 652 esse
228 613 464 666 sapientes,
493 614 581 654 sibi
598 614 845 656 tribuendo
866 627 980 669 quae
999 621 1077 656 tua
1096 622 1223 666 sunt,
1245 628 1298 656 ac
1315 629 1398 669 per

66 666 154 708 hoc
179 669 365 709 student
381 671 732 724 perversissima
751 674 975 712 caecitate
996 673 1133 712 etiam
1153 673 1239 714 tibi
1256 673 1396 713 tribu-

66 736 142 764 ere
171 737 285 778 quae
315 739 398 766 sua
423 732 547 777 sunt,
571 727 811 768 mendacia
829 728 1009 769 scilicet
1028 729 1073 768 in
1092 734 1136 769 te
1159 728 1396 769 conferen-

64 786 135 820 tes
149 811 159 830 ,
193 782 271 835 qui
288 783 458 823 veritas
481 796 528 823 es
541 814 552 833 ,
580 790 623 823 et
637 783 918 825 immutantes
932 783 1125 839 gloriam
1143 784 1396 839 incorrupti

64 834 154 876 Dei
169 836 215 877 in
237 837 564 879 similitudinem
588 839 796 894 iznaginis
815 839 1113 894 corruptibilis
1132 840 1333 891 hominis,
1354 848 1398 881 et

63 893 287 934 volucrum
307 902 350 935 et
367 896 710 949 quadrupedum,
732 904 774 937 et
789 903 1054 951 serpentum,
1075 904 1117 937 et
1133 905 1398 937 convertunt

65 948 295 990 veritatem
321 958 441 991 tuam
473 952 519 991 in
551 952 846 1003 mendacium,
878 959 922 993 et
953 953 1104 993 colunt
1134 961 1177 994 et
1201 953 1398 994 serviunt

66 1011 297 1047 creaturae
307 1007 458 1060 potius
479 1021 607 1062 quam
625 1008 832 1049 creatori.
856 1009 1005 1059 (Rom.
1030 1011 1067 1060 l,
1081 1011 1150 1050 21.
1165 1015 1246 1061 SS.)
1278 1010 1394 1050 Mul-

64 1066 114 1101 ta
139 1066 293 1103 tamen
318 1064 372 1103 ab
402 1065 467 1104 eis
498 1077 555 1105 ex
578 1065 680 1118 ipsa
705 1071 917 1106 creatura
942 1078 1052 1106 vera
1078 1066 1200 1106 dicta
1227 1067 1395 1106 retine-

64 1116 192 1169 bam3
224 1124 269 1159 et
293 1121 565 1161 occurrebat
586 1121 698 1161 mihi
725 1123 844 1163 ratio
870 1134 953 1175 per
975 1134 1191 1162 numeros
1212 1128 1258 1162 et
1276 1123 1394 1162 ordi-

65 1185 169 1215 nem
186 1180 457 1230 temporum,
475 1182 520 1218 et
536 1178 742 1218 visibiles
762 1178 1096 1219 adtestationes
1118 1179 1332 1226 siderum,
1351 1185 1396 1218 et

67 1230 361 1272 conferebam
390 1247 489 1273 cum
516 1233 650 1274 dictis
678 1233 962 1285 Manichaei,
993 1235 1065 1289 qui
1090 1235 1144 1275 de
1166 1233 1235 1274 his
1256 1235 1393 1275 rebus

65 1287 209 1327 multa
227 1290 411 1342 scripsit
430 1290 749 1343 copiosissime
771 1291 994 1341 delirans,
1016 1298 1062 1331 et
1080 1304 1170 1332 non
1188 1289 1301 1331 mihi
1322 1304 1393 1330 oc-

67 1344 282 1384 currebat
311 1346 429 1385 ratio
457 1358 542 1386 1166
570 1347 876 1388 solstitiorum
906 1352 952 1387 et
978 1347 1394 1400 aequinoctiorum,

65 1411 149 1438 nec
160 1400 420 1441 defectuum
431 1402 830 1452 luminarium,nec
849 1404 1070 1457 quidquid
1087 1403 1179 1443 tale
1198 1403 1244 1443 in
1263 1402 1394 1443 libris

66 1456 317 1496 saecularis
343 1458 596 1509 sapientiae
622 1458 885 1499 didiceram.
944 1458 1014 1498 lbi
1034 1464 1185 1499 autem
1205 1459 1393 1499 credere

64 1509 278 1561 iubebar‚
306 1518 352 1552 et
379 1513 435 1552 ad
460 1513 565 1552 illas
589 1514 795 1555 rationes
819 1515 1019 1554 numeris
1047 1519 1092 1554 et
1112 1515 1259 1555 oculis
1277 1516 1392 1555 meis

68 1568 331 1619 exploratas
358 1581 448 1608 non
477 1570 769 1620 occurrebat,
798 1576 844 1610 et
866 1570 1005 1624 longe
1028 1571 1258 1611 diversum
1278 1577 1390 1612 erat.

151 1623 199 1663 C.
223 1623 299 1665 IV.
360 1624 610 1678 Numquid,
636 1624 834 1666 Domine
858 1626 985 1666 Deus
1012 1627 1244 1677 veritatis,
1273 1628 1393 1681 quis-

66 1678 307 1731 quisnovit
318 1681 523 1731 ista,iam
539 1681 692 1734 placet
706 1682 819 1722 tibi&
837 1682 1043 1723 Infelix
1062 1684 1200 1724 enim
1219 1682 1390 1731 homo,

65 1736 199 1787 quis
214 1737 288 1777 cit
308 1737 370 1777 ill
386 1750 412 1776 a
441 1738 640 1788 omnia,
666 1743 717 1778 te
747 1744 923 1778 autem
950 1739 1156 1791 nescit3
1188 1740 1389 1780 beatus

66 1796 263 1843 autem,
293 1793 460 1847 quite
487 1795 615 1844 scit,
647 1795 875 1834 etiamsi
900 1795 1002 1835 illa
1027 1796 1255 1836 nesciat.
1291 1795 1393 1844 Qui

66 1858 193 1888 vero
221 1855 272 1889 et
296 1855 352 1890 te
382 1855 434 1890 et
456 1850 558 1890 illa
583 1851 750 1900 novit,
772 1863 875 1891 non
901 1856 1127 1904 propter
1150 1852 1251 1892 illa
1272 1852 1389 1892 bea-

63 1903 200 1953 tior,
232 1905 328 1945 sed
359 1912 585 1959 propter
615 1912 668 1946 te
698 1907 875 1946 solum
900 1907 1094 1948 beatus
1123 1914 1228 1958 est,
1257 1908 1299 1948 si
1317 1920 1390 1948 co—

63 1971 290 2012 gnoscens
310 1968 354 2002 te
375 1962 495 2002 sicut
514 1962 660 2002 Deum
679 1963 924 2016 glorificet,
945 1970 991 2003 et
1009 1965 1181 2017 gratias
1202 1969 1324 2018 agat,
1347 1969 1392 2002 et

60 2028 153 2055 non
190 2022 436 2058 evanescat
467 2018 514 2058 111
544 2018 906 2072 cogitationibus
938 2020 1049 2060 suis.
1111 2019 1240 2061 Sicut
1270 2020 1389 2059 enim

59 2072 226 2112 melior
251 2080 341 2123 est,
369 2073 446 2126 qui
470 2076 598 2114 novit
625 2075 866 2127 possidere
897 2076 1129 2125 arborem,
1156 2080 1202 2116 et
1226 2075 1280 2115 de
1304 2088 1388 2114 usu

63 2127 160 2167 eius
173 2129 256 2168 tibi
269 2130 442 2184 gratias
456 2131 566 2183 agit,
582 2131 787 2183 quamvis
806 2132 984 2171 nesciat
1000 2132 1074 2170 vel
1093 2137 1205 2184 quot
1223 2131 1389 2170 cubitis

66 2182 159 2222 alta
175 2185 256 2234 sit,
280 2185 355 2225 vel
374 2192 542 2239 quanta
559 2186 801 2226 latitudine
823 2186 991 2227 diffusa
1004 2219 1013 2237 ,
1043 2200 1175 2240 quam
1192 2186 1292 2235 ille,
1313 2185 1387 2238 qui

67 2250 167 2279 eam
185 2243 385 2291 metitur,
406 2246 452 2281 et
474 2254 630 2282 omnes
647 2253 799 2283 ramos
822 2243 919 2284 eius
937 2249 1157 2293 numerat,
1180 2247 1225 2282 et
1242 2253 1387 2295 neque

116 2301 337 2337 Aucusr.
367 2303 607 2338 Conrass.
1003 2299 1040 2339 E
