1473 2443
87 140 138 179 42
409 135 690 178 AURELII
718 134 1092 178 AUGUSTINI

89 224 273 267 ctando:
308 234 422 276 quae
455 221 706 274 particulae
741 221 903 261 summi
936 226 981 261 et
1006 221 1098 260 veri
1124 219 1213 259 Dei
1236 219 1404 273 ligatae

85 282 282 322 fuissent
305 279 350 318 in
368 278 448 317 1110
469 289 626 330 pomo,
651 277 742 316 nisi
759 277 894 316 electi
913 277 1059 316 sancti
1077 277 1211 315 dente
1233 288 1285 315 ac
1307 288 1406 315 ven-

87 344 157 379 tre
178 337 480 377 solverentur.
538 333 598 373 Et
616 332 791 375 credidi
807 333 966 382 miser,
990 333 1135 385 mag-is
1157 343 1257 371 esse
1275 331 1407 371 mise-

87 392 337 434 ricordiam
354 389 674 442 praestandam
694 387 915 428 fructibus
934 394 1099 437 terrae,
1117 400 1250 441 quam
1267 385 1409 426 homi-

88 450 237 498 nibus,
261 451 449 499 propter
474 457 586 497 quos
605 449 914 484 nascerentur.
948 443 995 485 Si
1015 444 1113 497 quis
1134 444 1251 484 enim
1271 443 1410 482 esuri-

92 518 170 545 ens
189 508 370 556 peteret
388 501 464 555 qui
480 499 779 541 Manichaeus
798 512 889 540 non
910 505 1054 549 esset,
1079 499 1209 553 quasi
1229 498 1411 551 capitali

91 559 315 613 supplicio
337 556 591 597 damnanda
607 555 815 597 buccella
831 556 1078 605 videretur,
1095 556 1134 595 si
1153 556 1195 595 ei
1214 554 1411 594 daretur.

176 616 223 655 C.
248 613 326 653 XI.
386 613 445 652 Et
460 612 627 652 misisti
644 624 824 651 manum
842 616 966 651 tuam
985 624 1039 652 ex
1060 611 1169 661 alto,
1191 615 1235 650 et
1253 610 1308 649 de
1330 608 1413 648 hac

89 670 318 725 profunda
351 669 547 722 caligine
584 668 746 707 eruisti
779 668 973 707 animam
1003 679 1172 716 meam,
1208 679 1307 706 cum
1331 677 1412 718 pro

90 739 162 767 me
181 725 313 766 fleret
331 725 389 764 ad
406 730 449 764 te
468 728 614 763 mater
630 736 751 773 mea,
780 723 930 763 fidelis
947 728 1046 772 tua,
1072 722 1264 775 amplius
1284 734 1411 774 quam

91 782 204 823 flent
242 786 410 821 matres
447 791 671 832 corporea
702 778 877 818 funera.
949 778 1149 818 Videbat
1184 778 1301 817 enim
1334 777 1414 815 illa

90 843 285 879 mortem
301 849 449 877 meam
468 846 524 875 ex
543 835 630 875 fide
651 840 696 874 et
715 834 892 887 spiritu,
914 846 1044 886 quem
1064 832 1262 873 habebat
1280 845 1336 872 ex
1352 837 1413 881 te,

91 900 138 935 et
166 893 395 934 exaudisti
414 904 534 941 eam,
558 890 768 930 Domine.
829 890 1071 930 Exaudisti
1091 902 1211 939 eam,
1237 901 1322 927 nec
1341 888 1411 927 de-

91 949 283 1004 spexisti
306 948 516 988 lacrimas
538 948 655 996 eius,
687 959 786 986 cum
803 945 1085 998 profluentes
1104 945 1310 998 rigarent
1325 948 1412 982 ter-

89 1020 186 1047 ram
210 1005 291 1045 sub
318 1003 464 1044 oculis
493 1004 612 1052 eius,
638 1003 683 1042 in
709 1003 833 1042 omni
849 1002 953 1041 loco
975 1002 1196 1041 orationis
1218 1000 1337 1050 eius,
1371 1004 1415 1038 et

92 1061 321 1103 exaudisti
346 1072 459 1099 eam.
518 1058 635 1099 Nam
660 1058 780 1098 unde
797 1057 912 1097 illud
932 1058 1178 1106 somnium,
1207 1068 1295 1108 quo
1316 1067 1414 1095 eam

92 1117 357 1158 consolatus
378 1127 448 1165 es,
476 1120 525 1155 ut
541 1115 694 1155 vivere
709 1125 780 1154 me
800 1113 1077 1153 concederet
1097 1118 1142 1152 et
1159 1111 1327 1151 habere
1346 1123 1414 1150 se-

92 1188 193 1215 cum
218 1172 425 1213 eamdem
443 1183 644 1210 mensam
662 1170 708 1209 in
727 1170 861 1209 domo
876 1200 886 1218 ,
914 1169 1036 1222 quod
1053 1169 1178 1208 nolle
1198 1172 1413 1219 coeperat

92 1242 307 1270 aversans
321 1234 367 1268 et
381 1228 614 1268 detestans
629 1224 935 1278 blasphemias
953 1224 1121 1264 erroris
1140 1223 1256 1263 mei?
1286 1221 1414 1262 Vidit

93 1287 211 1326 enim
239 1290 434 1325 stantem
459 1295 507 1323 se
533 1284 579 1322 in
606 1282 798 1334 quadam
820 1280 982 1334 regula
1004 1280 1179 1333 lignea,
1211 1283 1258 1318 et
1282 1278 1412 1317 adve-

90 1343 294 1382 nientem
318 1340 374 1380 ad
399 1352 448 1379 se
473 1340 683 1379 iuvenem
709 1336 1019 1390 splendidum,
1055 1335 1246 1375 hilarem
1278 1339 1412 1386 atque

90 1397 375 1438 adridentem
402 1395 511 1444 sibi,
538 1407 638 1434 cum
661 1393 742 1432 illa
767 1398 892 1432 esset
907 1404 1119 1432 moerens
1141 1397 1186 1431 et
1202 1401 1412 1430 moerore

91 1453 322 1493 confecta:
355 1451 431 1505 qui
457 1464 556 1491 cum
592 1462 752 1489 causas
780 1449 1038 1502 quaesisset
1062 1447 1116 1487 ab
1143 1459 1197 1487 ea
1229 1446 1412 1485 moesti-

88 1511 181 1550 tiae
214 1520 322 1549 suae
338 1507 796 1561 quotidianarumque
811 1505 1101 1544 lacrimarum
1128 1501 1346 1553 (docendi
1364 1506 1413 1541 ut

90 1565 290 1614 adsolet,
316 1577 405 1603 non
424 1562 631 1603 discendi
650 1561 837 1615 gratia),
874 1565 1008 1613 atque
1040 1560 1122 1599 illa
1153 1557 1412 1611 respondis-

91 1627 179 1670 set,
204 1620 507 1673 perditionem
530 1630 678 1658 meam
701 1629 750 1657 se
776 1617 1016 1670 plangere3
1047 1615 1240 1655 iussisse
1267 1613 1410 1662 illum,

90 1689 177 1729 quo
205 1688 367 1715 secura
394 1679 537 1725 esset,
565 1679 700 1726 atque
727 1672 1041 1720 admonuisse,
1071 1676 1117 1710 ut
1142 1669 1412 1709 adtenderet

90 1739 136 1772 et
158 1731 357 1779 videret,
383 1730 460 1769 ubi
486 1734 610 1769 esset
632 1728 733 1778 illa,
758 1728 823 1767 ibi
848 1739 949 1767 esse
970 1731 1016 1766 et
1031 1738 1117 1765 me.
1179 1725 1311 1773 Quod
1330 1724 1411 1763 illa

88 1788 166 1828 ubi
191 1786 415 1835 adtendit,
440 1785 555 1825 vidit
571 1796 642 1824 me
656 1785 784 1823 iuxta
801 1795 849 1823 se
868 1783 915 1822 in
934 1782 1093 1822 eadem
1109 1781 1272 1834 regula
1289 1786 1408 1820 stan-

86 1850 194 1883 tem.
253 1841 381 1882 Unde
416 1839 525 1890 hoc,
560 1840 648 1880 nisi
675 1840 782 1892 quia
802 1843 933 1878 erant
956 1850 1089 1878 aures
1115 1842 1221 1876 tuae
1248 1836 1303 1876 ad
1330 1848 1409 1875 cor

89 1898 213 1939 eius?
245 1898 280 1938 Ο
321 1903 376 1938 tu
397 1896 538 1936 bone
581 1895 947 1947 omnipotens,
995 1893 1085 1947 qui
1128 1893 1209 1933 sic
1249 1902 1406 1933 curas

86 1964 510 2006 unumquemque
543 1956 791 1992 nostrum
822 1955 1090 2003 tamquam
1120 1948 1292 1989 solum
1328 1959 1390 1986 cu

85 2023 195 2058 reS‚
233 2015 286 2049 et
318 2009 398 2049 sic
433 2020 617 2048 omnes
649 2012 919 2061 tamquam
946 2005 1217 2059 singulos.
1276 2003 1405 2043 Unde

86 2066 201 2106 illud
220 2066 376 2115 etiam,
406 2064 528 2118 quod
557 2076 657 2104 cum
680 2061 793 2103 mihi
816 2066 1050 2101 narrasset
1071 2062 1219 2113 ipsum
1242 2059 1404 2107 visum,

89 2129 135 2162 et
169 2133 254 2174 ego
287 2121 343 2160 ad
368 2121 415 2160 id
439 2119 622 2160 trahere
647 2130 858 2167 conarer,
888 2123 938 2157 ut
959 2117 1042 2157 illa
1064 2129 1112 2156 se
1136 2116 1290 2168 potius
1314 2127 1405 2154 non

89 2178 354 2230 desperaret
377 2176 575 2216 futuram
601 2187 726 2225 esse,
753 2173 874 2228 quod
892 2186 1036 2224 eram3
1069 2172 1285 2212 continuo
1306 2171 1403 2210 sine

87 2233 238 2286 aliqua
277 2231 602 2273 haesitatione:
650 2242 761 2282 non,
802 2230 969 2283 inquit,
1017 2240 1108 2268 non
1142 2228 1260 2268 enim
1292 2224 1400 2266 mihi
