1514 2438
303 124 853 168 CONFESSIONUM
887 125 1095 167 LIBER
1124 125 1199 167 IV.
1365 126 1418 166 53

177 212 223 253 C.
247 210 305 252 X.
363 208 484 251 Deus
508 210 721 251 virtutum
747 218 948 252 converte
970 224 1069 261 nos,
1099 218 1142 251 et
1159 210 1419 266 ostendefa-

94 266 201 308 ciem
219 274 352 316 tuam,
374 273 417 307 et
431 266 541 307 salvi
556 267 729 308 erimus.
767 267 861 317 (Ps.
883 268 950 318 80,
969 268 1030 318 4.)
1083 266 1198 308 Nam
1217 279 1420 321 quoquo-

91 336 271 364 versum
290 335 339 364 se.
356 324 549 363 verterit
569 324 719 363 anima
736 322 949 373 hominis,
970 324 1026 364 ad
1044 323 1229 364 dolores
1249 324 1420 377 figitur,

95 381 203 420 alibi
234 384 553 435 praeterquam
584 380 631 420 in
660 386 724 420 te:
757 381 943 420 tametsi
968 380 1125 434 figitur
1147 381 1194 420 in
1216 378 1420 433 pulchris

94 442 223 477 extra
246 442 291 476 te
318 441 363 476 et
390 435 520 477 extra
543 448 607 476 se.
671 436 798 485 Quae
817 441 969 476 tamen
986 436 1113 476 nulla
1132 442 1306 486 essent,
1332 436 1420 475 nisi

94 497 247 532 essent
270 491 350 532 abs
373 497 441 542 te,
470 504 585 545 quae
606 493 815 533 oriuntur
833 498 879 533 et
898 492 1135 542 occidunt,
1163 499 1209 532 et
1228 493 1418 533 oriendo

93 548 222 601 quasi
247 560 349 588 esse
370 548 613 602 incipiunt,
642 554 687 588 et
713 554 927 589 crescunt
953 553 1004 588 ut
1028 549 1345 601 perficiantur,
1375 555 1421 588 et

91 602 297 658 perfecta
315 610 561 645 senescunt
580 609 625 645 et
641 606 887 645 intereunt.
935 603 993 644 Et
1010 617 1101 644 non
1123 606 1274 645 onmia
1292 617 1419 644 sene-

92 665 226 701 scunt
259 666 306 701 et
348 661 501 701 omnia
538 661 785 702 intereunt.
846 661 971 714 Ergo
1007 673 1107 700 cum
1143 662 1350 701 oriuntur
1376 666 1421 701 et

89 716 283 757 tendunt
315 729 437 768 esse3
474 729 561 771 quo
592 718 738 772 magis
765 717 981 758 celeriter
1004 722 1216 757 crescunt
1237 722 1287 757 ut
1313 717 1419 766 sint,

93 784 148 813 eo
163 773 310 827 magis
328 772 551 814 festinant
567 778 617 814 ut
632 786 724 814 non
742 774 846 814 sint.
880 773 956 814 Sic
975 778 1046 813 est
1063 773 1226 813 modus
1247 785 1418 814 eorum.

92 830 289 870 Tantum
305 829 473 870 dedisti
494 830 576 880 eis,
593 830 699 884 quia
714 835 868 883 partes
889 835 994 870 sunt
1010 842 1176 879 rerum,
1195 841 1308 883 quae
1328 842 1420 868 non

92 890 197 926 sunt
235 898 391 926 omnes
431 886 586 937 simu13
624 885 707 926 sed
740 886 1006 927 decedendo
1042 899 1094 926 ac
1127 885 1417 926 succedendo

94 946 235 995 agunt
253 954 408 983 omnes
427 942 703 993 universum,
721 944 847 983 cuius
866 947 1021 995 partes
1040 947 1159 984 sunt.
1212 942 1333 982 Ecce
1353 942 1420 981 sic

92 998 331 1052 peragitur
356 1003 402 1039 et
425 1011 575 1039 sermo
600 1004 761 1040 noster
777 1011 859 1053 per
879 999 1011 1053 signa
1029 999 1257 1040 sonantia.
1318 997 1421 1038 Non

95 1054 213 1094 enim
233 1055 321 1095 erit
337 1059 462 1095 totus
482 1066 632 1095 sermo
645 1085 657 1105 ‚
684 1056 725 1096 si
741 1068 878 1096 unum
897 1055 1085 1097 verbum
1102 1068 1193 1095 non
1213 1054 1421 1103 decedat,

93 1122 195 1150 cum
210 1111 417 1151 sonuerit
432 1116 586 1165 partes
605 1124 726 1162 suaS,
745 1116 796 1152 ut
813 1112 1032 1152 succedat
1051 1111 1189 1152 aliud.
1243 1110 1424 1151 Laudet

91 1171 137 1207 te
158 1178 214 1207 ex
232 1167 326 1207 illis
349 1167 497 1208 anima
513 1179 630 1218 mea,
648 1167 775 1209 Deus
795 1174 977 1210 creator
997 1168 1211 1217 omnium,
1232 1167 1313 1207 sed
1331 1179 1422 1206 non

90 1222 139 1262 in
173 1224 240 1263 eis
262 1224 481 1278 infigatur
505 1224 682 1279 glutine
709 1225 878 1265 amoris
902 1237 985 1278 per
1009 1237 1170 1264 sensus
1199 1223 1422 1276 corporis.

91 1277 214 1319 Eunt
241 1280 382 1330 enim,
417 1292 505 1334 quo
536 1280 686 1331 ibant,
718 1286 769 1322 ut
793 1294 886 1321 non
910 1281 1022 1330 sint,
1051 1286 1096 1321 et
1122 1280 1426 1320 conscindunt

95 1347 195 1375 eam
209 1335 453 1377 desideriis
467 1336 821 1391 pestilentiosi53
842 1338 1057 1390 quoniam
1074 1337 1175 1389 ipsa
1193 1348 1295 1376 esse
1313 1335 1424 1384 vult,

95 1396 141 1431 et
156 1392 449 1445 requiescere
471 1397 593 1432 amat
608 1392 656 1432 in
674 1393 741 1433 eis
761 1405 875 1447 quae
895 1401 1029 1432 amat.
1088 1392 1139 1432 In
1157 1392 1251 1431 illis
1272 1397 1424 1430 autem

93 1459 185 1487 non
206 1452 296 1497 est,
322 1447 419 1488 ubi:
454 1449 561 1501 quia
576 1461 669 1488 non
687 1454 830 1498 stant,
858 1448 1063 1502 fugiunt3
1098 1453 1144 1488 et
1162 1448 1262 1501 quis
1283 1459 1337 1487 ea
1355 1459 1423 1486 se-

95 1503 249 1556 quitur
281 1516 419 1544 sensu
445 1505 615 1555 carnis,
647 1510 725 1545 aut
749 1505 848 1558 quis
869 1516 924 1544 ea
949 1502 1316 1558 comprehendit,
1349 1503 1424 1542 vel

95 1572 195 1599 cum
224 1565 409 1612 praesto
442 1560 574 1601 sunt2
604 1560 784 1601 Tardus
818 1566 889 1601 est
920 1561 1039 1600 enim
1068 1573 1230 1600 sensus
1257 1559 1422 1608 carnis,

95 1616 310 1668 quoniam
336 1628 498 1656 sensus
524 1617 674 1656 carnis
704 1622 792 1667 est3
827 1622 872 1657 et
895 1616 994 1670 ipse
1022 1622 1093 1657 est
1116 1616 1280 1657 modus
1307 1616 1422 1656 eius.

95 1670 272 1713 Sufficit
296 1672 353 1712 ad
381 1671 526 1722 aliud,
552 1673 606 1714 ad
627 1672 749 1726 quod
768 1672 918 1715 factus
939 1678 1027 1723 est3
1061 1672 1119 1713 ad
1135 1672 1252 1712 illud
1270 1676 1423 1712 autem

92 1740 184 1768 non
202 1728 391 1778 sufficit,
417 1733 468 1769 ut
486 1733 644 1770 teneat
659 1728 1020 1770 transcurrentia
1040 1728 1094 1769 ab
1112 1728 1246 1769 initio
1267 1728 1421 1769 debito

92 1796 236 1837 usque
272 1784 329 1825 ad
361 1784 496 1825 finem
532 1785 748 1827 debitum.
807 1786 859 1826 In
891 1785 1032 1826 verbo
1058 1786 1178 1826 enim
1204 1790 1306 1836 tuo,
1341 1796 1423 1837 per

94 1840 218 1893 quod
241 1845 474 1892 creantur,
501 1841 568 1881 ibi
592 1842 799 1883 audiunt:
831 1840 938 1883 hinc
962 1847 1009 1883 et
1032 1840 1284 1895 hucusque.

179 1896 226 1937 C.
250 1896 329 1938 XI.
365 1895 476 1938 Noli
497 1909 598 1939 esse
616 1911 746 1949 vana,
766 1899 916 1938 anima
929 1911 1045 1949 mea,
1059 1903 1105 1939 et
1123 1897 1420 1939 obsurdesce-

92 1964 141 1992 re
159 1952 208 1992 in
222 1965 330 1993 aure
350 1952 504 1994 cordis
520 1954 720 1995 tumultu
735 1955 952 1995 vanitatis
966 1960 1088 1996 tuae.
1149 1954 1266 1994 Audi
1286 1959 1331 1993 et
1348 1958 1416 1992 tu.

90 2006 293 2049 Verbum
318 2008 468 2063 ipsum
488 2009 676 2061 clamat,
704 2015 756 2051 ut
771 2011 960 2062 redeas3
995 2015 1041 2052 et
1054 2011 1133 2051 ibi
1157 2015 1238 2051 est
1261 2010 1416 2049 locus

93 2065 296 2117 quietis
330 2066 833 2119 imperturbabilis,
871 2066 966 2107 ubi
996 2079 1101 2108 non
1131 2066 1418 2109 deseritur

92 2131 256 2171 amor,
284 2120 333 2161 si
354 2121 475 2175 ipse
498 2134 602 2163 non
628 2122 859 2164 deserat.
921 2123 1043 2164 Ecce
1060 2123 1143 2164 illa
1160 2121 1417 2171 discedunt,

94 2181 142 2215 ut
166 2176 256 2216 alia
280 2177 551 2228 succedant,
579 2183 625 2220 et
649 2179 857 2219 omnibus
882 2180 977 2220 suis
1003 2179 1208 2234 partibus
1236 2183 1418 2219 constet

95 2231 246 2272 infima
279 2233 569 2276 universitas.
628 2233 860 2289 Numquid
892 2247 979 2290 ego
1014 2234 1169 2289 aliquo
1196 2233 1415 2275 discedo?
