1514 2438
271 127 794 172 CONFESSIONUM
823 129 1025 171 LIBER
1055 129 1187 172 VIII.
1311 132 1388 172 133

74 218 143 254 set
176 213 288 255 dies.
346 216 403 255 At
430 215 502 256 illi
532 219 715 256 narrato
748 215 920 269 placito
954 221 1000 256 et
1026 217 1264 270 proposito
1290 230 1389 268 suo,

75 282 254 324 quoque
286 272 422 312 modo
454 273 501 312 in
526 273 592 312 eis
616 272 722 312 talis
748 272 956 312 voluntas
982 278 1083 313 orta
1108 279 1233 314 esset
1254 279 1390 328 atque

76 327 267 377 firmata,
286 329 561 380 petiverunt,
579 340 635 368 ne
655 329 743 369 sibi
760 328 943 369 molesti
961 333 1129 379 essent,
1149 331 1190 370 si
1206 330 1395 384 adiungi

75 389 352 424 recusarent.
411 384 492 424 Isti
515 389 668 425 autem
685 383 827 425 nihilo
847 386 1008 425 mutati
1025 398 1051 425 a
1067 387 1292 439 pristinis,
1316 385 1394 426 fle-

76 444 238 480 verunt
255 452 302 480 se
320 444 471 481 tamen
490 440 559 490 (ut
578 440 777 492 dicebat)
797 446 932 495 atque
950 442 1042 482 illis
1061 443 1134 496 pie
1154 448 1394 497 congratu-

76 495 156 536 lati
183 504 305 546 sunt,
331 501 378 537 et
399 496 832 537 commendaverunt
850 510 897 538 sc
919 498 1203 539 orationibus
1223 512 1395 548 eorum,

78 557 123 592 et
155 551 388 593 trahentes
422 565 502 593 cor
532 555 581 595 in
608 558 732 594 terra
755 554 966 594 abierunt
987 556 1034 594 in
1057 555 1297 607 palatium3
1326 555 1395 595 illi

76 612 227 648 autem
260 608 513 663 adfigentes
547 622 628 650 cor
650 609 782 650 coelo
806 616 1070 650 manserunt
1091 612 1137 650 in
1161 625 1279 652 casa.
1339 611 1398 652 Et

77 664 208 706 ambo
228 663 457 706 habebant
474 678 687 719 sponsas3
721 678 856 719 quae,
883 675 1046 719 postea
1065 681 1197 721 quam
1214 666 1303 708 hoc
1320 680 1396 707 au-

76 721 269 771 dierunt,
290 722 554 762 dicaverunt
572 723 708 763 etiam
726 723 851 776 ipsae
870 724 1179 777 virginitatem
1196 725 1293 766 tibi.

159 778 206 818 C.
231 777 326 819 Vll.
387 777 614 819 Narrabat
636 777 750 819 haec
774 778 1079 820 Pontitianus.
1141 782 1212 821 Tu
1230 787 1396 831 autem,

74 832 293 885 Domine,
332 834 450 874 inter
485 834 625 875 verba
663 837 761 876 eius
799 836 1101 890 retorquebas
1133 849 1204 877 me
1239 838 1297 878 ad
1326 850 1398 878 me

74 891 243 942 ipsum,
270 889 482 931 auferens
505 903 575 931 me
600 903 627 931 a
649 891 786 933 dorso
805 904 929 942 meo,
953 892 1032 932 ubi
1050 905 1120 932 me
1139 906 1397 946 posueram,

78 948 183 987 dum
206 948 377 988 nollem
398 960 469 987 mc
494 948 764 998 adtendere,
791 954 836 988 et
860 949 1172 989 constituebas
1199 963 1268 990 me
1294 956 1398 990 ante

77 1003 243 1043 faciem
260 1015 427 1053 meam,
451 1009 502 1043 ut
518 1004 740 1055 viderem,
761 1017 893 1058 quam
910 1005 1057 1058 turpis
1077 1018 1245 1056 essem,
1266 1019 1401 1060 quain

79 1061 299 1101 distortus
334 1065 379 1099 et
407 1060 640 1111 sordidus,
674 1062 934 1102 maculosus
961 1067 1006 1101 et
1027 1062 1282 1103 ulcerosus.
1341 1063 1402 1103 Et

77 1115 285 1157 videbam
305 1119 351 1154 et
367 1114 627 1167 horrebam,
649 1122 694 1157 et
712 1130 800 1171 quo
820 1131 846 1158 a
864 1130 932 1158 me
951 1116 1159 1172 fugerem
1177 1131 1267 1159 non
1287 1125 1399 1162 erat.

78 1173 135 1213 Et
153 1172 193 1211 si
212 1171 410 1213 conabar
428 1185 453 1212 a
469 1185 539 1213 me
559 1179 765 1214 avertere
785 1174 1070 1228 adspectum,
1089 1175 1304 1215 narrabat
1319 1176 1400 1216 ille

79 1227 202 1283 quod
223 1227 454 1278 narrabat,
491 1235 536 1269 et
559 1235 607 1269 tu
630 1242 700 1270 me
724 1242 881 1272 rursus
910 1231 1173 1284 opponebas
1197 1230 1327 1281 mihi,
1355 1238 1402 1272 et

76 1284 360 1339 impingebas
384 1297 454 1325 me
478 1286 525 1325 in
548 1287 706 1327 oculos
736 1299 880 1337 meos,
902 1293 952 1328 ut
968 1288 1220 1328 invenirem
1236 1288 1399 1341 iniqui-

74 1348 218 1382 tatem
234 1353 378 1382 meam
403 1347 449 1381 et
468 1342 682 1382 odissem.
723 1342 951 1383 Noveram
970 1343 1174 1393 eam,sed
1193 1344 1399 1384 dissimu-

75 1398 239 1448 labam,
260 1404 307 1439 et
325 1396 626 1438 conhibebam
647 1397 988 1452 [connivebam]
1012 1404 1057 1439 et
1076 1399 1397 1440 obliviscebar.

77 1456 208 1494 Tunc
223 1464 332 1493 vero
353 1459 520 1506 quanto
541 1455 774 1495 ardentius
793 1455 996 1495 amabam
1013 1456 1142 1505 illos,
1162 1455 1217 1495 de
1237 1456 1397 1509 quibus

75 1509 316 1550 audiebam
330 1510 536 1550 salubres
553 1510 775 1561 adfectus,
793 1511 914 1564 quod
928 1523 975 1552 se
993 1516 1119 1552 totos
1137 1512 1221 1551 tibi
1239 1524 1397 1552 sanan-

75 1567 158 1606 dos
174 1565 407 1615 dederant,
422 1571 548 1606 tanto
567 1567 894 1607 exsecrabilius
912 1580 983 1608 me
1004 1573 1310 1621 comparatum
1331 1569 1396 1609 eis

76 1623 280 1673 oderam3
307 1622 518 1677 quoniam
536 1624 665 1663 multi
684 1624 773 1664 mei
792 1624 898 1663 anni
912 1636 1090 1664 mecum
1108 1623 1395 1676 effluxerant,

71 1678 194 1719 forte
219 1678 462 1719 duodecim
485 1680 610 1728 anni,
638 1692 693 1720 ex
717 1693 804 1733 quo
831 1679 886 1720 ab
910 1680 1250 1722 undevicesimo
1276 1694 1393 1722 anno

73 1735 237 1775 aetatis
260 1746 411 1784 meae,
445 1734 566 1775 lecto
599 1736 834 1777 Ciceronis
857 1735 1131 1787 Hortensio,
1167 1738 1393 1778 excitatus

74 1804 196 1832 eram
214 1792 366 1831 studio
386 1791 707 1844 sapientiae,et
726 1792 996 1833 differebam
1008 1793 1394 1834 contemtafelici-

72 1853 165 1888 tate
184 1854 368 1888 terrena
385 1848 442 1888 ad
463 1860 561 1888 eam
580 1849 945 1903 investigandam
959 1862 1137 1900 vacare,
1154 1852 1281 1890 cuius
1302 1863 1394 1891 non

69 1904 290 1953 inventio,
306 1904 388 1944 sed
400 1903 473 1943 vel
487 1905 587 1945 sola
599 1906 836 1960 inquisitio
853 1907 943 1946 iam
954 1906 1277 1960 praeponenda
1295 1913 1395 1947 erat

72 1960 208 2000 etiam
220 1959 416 2000 inventis
429 1958 656 2002 thesauris
675 1962 920 2016 regnisque
940 1963 1157 2016 gentium,
1175 1967 1220 2003 et
1240 1962 1297 2003 ad
1314 1977 1390 2003 nu-

69 2022 163 2055 tum
183 2013 598 2057 circumfluentibus
617 2019 824 2071 corporis
843 2019 1169 2072 voluptatibus.
1227 2020 1284 2059 At
1303 2031 1389 2072 ego

71 2071 342 2112 adolescens
374 2071 534 2122 miser,
573 2073 706 2115 valde
740 2075 898 2125 miser,
938 2076 985 2115 in
1022 2075 1212 2115 exordio
1245 2076 1389 2128 ipsius

71 2127 412 2168 adolescentiae
427 2128 563 2168 etiam
576 2131 797 2181 petieram
811 2136 894 2171 ate
913 2133 1186 2180 castitatem,
1203 2135 1248 2170 et
1266 2131 1389 2170 dixe-

73 2195 185 2223 ram:
219 2183 276 2224 da
304 2182 416 2224 mihi
449 2186 706 2227 castitatem
740 2192 787 2228 et
807 2187 1155 2236 continentiam,
1189 2186 1271 2227 sed
1293 2186 1390 2227 noli

73 2240 224 2280 modo.
273 2239 507 2280 Timebam
527 2242 659 2292 enim,
679 2255 735 2283 ne
753 2255 824 2283 me
843 2244 933 2283 cito
954 2242 1211 2292 exaudires,
1232 2247 1278 2282 et
1296 2244 1385 2282 cito
