1473 2443
98 129 171 170 192
416 125 687 167 AURELII
716 122 1084 165 AUGUSTINI

93 221 213 254 tuam
233 211 389 252 bonam
407 221 508 260 esse,
528 209 720 264 nihilque
740 208 1043 257 abiiciendztm,
1062 207 1178 261 quod
1192 219 1286 246 cum
1300 218 1406 259 gra-

92 270 255 309 tiarum
287 266 458 308 actione
476 266 723 320 percipitur
743 267 784 318 (l
804 266 920 305 Tim.
944 265 986 314 4,
1004 265 1087 315 4.);
1124 268 1170 303 et
1194 261 1295 317 quia
1314 274 1410 302 esca

94 337 171 365 nos
196 336 284 363 non
301 323 574 363 commendat
589 321 684 363 Deo
706 323 747 371 (l
770 321 872 361 Cor.
893 321 932 370 8,
952 321 1033 371 8.);
1065 324 1111 359 et
1127 325 1178 358 ut
1192 331 1315 358 nemo
1335 329 1411 357 nos

93 380 259 420 iudicet
286 378 333 419 in
357 379 476 428 cibo,
513 385 590 418 aut
622 378 668 418 in
684 385 796 432 potu
816 377 934 426 (Col.
961 378 1001 426 2,
1025 374 1135 426 16.);
1176 380 1233 423 et,
1268 381 1318 413 ut
1341 372 1415 426 qai

94 436 344 485 manducat,
371 448 457 475 ηοη
481 435 813 474 manducantem
831 447 917 473 non
939 438 1143 486 sperum,-
1175 437 1219 470 et
1237 429 1311 483 qui
1328 441 1414 468 uon

94 492 346 541 manducat,
379 490 712 530 manducantem
759 502 846 530 non
892 488 1067 528 iudicet.
1103 488 1252 537 (Rom.
1270 486 1334 534 14,
1355 484 1413 530 3.)

94 548 250 588 Didici
268 546 401 598 haec;
434 548 605 600 gratias
624 546 728 596 tibi,
753 543 1031 593 laudestibi,
1051 543 1150 583 Deo
1170 554 1293 590 meo,
1321 554 1411 580 ma-

96 605 240 658 gistro
275 615 394 653 meo,
427 602 652 654 pulsatori
684 602 859 642 aurium
890 612 1111 649 mearum,
1140 595 1419 639 illustratori

101 659 254 700 cordis
271 660 375 699 mei.
407 658 544 711 Eripe
563 670 633 698 me
653 657 707 698 ab
729 656 851 697 omni
865 657 1132 697 tentatione.
1181 653 1294 695 Non
1320 663 1418 705 ego

98 714 484 757 immunditiam
531 714 743 754 obsonii
783 713 966 761 timeo,
1017 711 1109 751 sed
1150 708 1420 750 immundi-

97 773 226 812 tiam
258 770 597 824 cupiditatis.
660 769 790 819 Scio‚
816 767 916 810 Noe
937 780 1067 807 omne
1092 768 1240 807 carnis
1260 777 1418 819 genus,

100 827 223 882 quod
245 827 346 867 cibo
370 831 495 867 esset
510 826 633 876 usui,
657 825 933 865 manducare
953 823 1241 877 permissum3
1271 821 1423 861 Eliam

101 884 202 924 cibo
219 883 367 924 carnis
385 882 629 933 refectum3
661 880 923 930 Iohannem,
935 879 1134 920 mirabili
1146 876 1424 918 abstinentia

98 939 377 994 praeditum,
403 938 694 987 animalibus,
735 936 823 977 hoc
863 942 955 986 est,
984 935 1177 976 locustis
1199 934 1246 973 in
1273 944 1424 972 escam

103 995 371 1036 cedentibus
393 1006 485 1034 non
508 993 652 1034 fuisse
670 993 909 1046 pollutum.
969 992 1029 1031 Et
1045 991 1162 1040 scio,
1189 990 1312 1029 Esau
1329 988 1422 1028 len-

100 1051 270 1091 ticulae
300 1050 674 1102 concupiscentia
701 1049 960 1101 deceptum3
994 1052 1040 1088 et
1061 1046 1210 1086 David
1237 1049 1424 1098 propter

103 1119 248 1161 aquae
273 1106 550 1146 desiderium
576 1118 603 1144 a
626 1117 674 1145 se
701 1105 801 1158 ipso
826 1102 1172 1156 reprehensum3
1207 1107 1252 1141 et
1266 1111 1425 1153 regem

101 1168 308 1203 nostrum
340 1174 433 1202 non
465 1161 521 1201 de
547 1173 703 1210 carne,
737 1160 819 1200 sed
843 1159 898 1199 de
921 1171 1036 1211 pane
1063 1169 1163 1197 esse
1187 1162 1422 1197 tentatum.

101 1219 302 1272 Ideoque
315 1223 360 1258 et
376 1218 570 1271 populus
587 1218 635 1256 in
653 1229 823 1266 eremo,
836 1228 924 1255 non
947 1215 1052 1268 quia
1070 1225 1228 1253 carnes
1248 1212 1424 1251 deside-

102 1276 239 1325 ravit,
274 1274 356 1314 sed
389 1275 496 1326 quia
519 1284 653 1314 escae
677 1272 909 1312 desiderio
936 1271 1154 1310 adversus
1178 1268 1425 1307 Dominum

104 1330 413 1379 murmuravit,
430 1341 503 1369 me
528 1330 599 1369 uit
613 1328 875 1381 improbari.
921 1327 971 1366 In
990 1324 1060 1365 his
1080 1337 1189 1378 ergo
1209 1323 1424 1364 tentatio-

106 1387 238 1427 nibus
263 1385 441 1439 positus
471 1390 597 1425 certo
625 1384 831 1438 quotidie
856 1382 1073 1425 adversus
1103 1380 1424 1433 concupiscen-

102 1445 212 1484 tiam
246 1441 549 1481 manducandi
581 1445 627 1481 et
650 1439 852 1481 bibendi.
909 1437 1013 1479 Non
1038 1437 1156 1477 enim
1180 1441 1267 1485 est,
1304 1433 1426 1487 quod

104 1498 248 1539 semel
278 1497 565 1550 praecidere,
600 1500 646 1537 et
677 1496 869 1536 ulterius
892 1507 982 1535 non
1006 1493 1244 1545 adtingere
1272 1491 1424 1530 decer-

104 1567 225 1604 nam,
256 1555 376 1594 sicut
402 1554 458 1594 de
486 1551 730 1593 concubitu
752 1552 895 1605 potui.
953 1550 1109 1602 ltaque
1134 1548 1252 1588 freni
1276 1551 1424 1600 guttu-

103 1611 166 1650 ris
197 1614 452 1662 temperata
483 1609 769 1649 relaxatione
803 1612 849 1647 et
881 1605 1207 1646 constrictione
1238 1601 1425 1642 tenendi

104 1671 224 1706 sunt.
283 1666 342 1705 Et
359 1665 460 1718 quis
480 1670 564 1715 est,
577 1664 789 1712 Domine,
804 1663 880 1716 qui
897 1674 985 1701 non
1001 1661 1207 1713 rapiatur
1224 1658 1425 1710 aliquan-

101 1722 247 1762 tulum
281 1726 410 1761 extra
440 1726 585 1760 metas
620 1717 937 1760 necessitatis?
970 1715 1184 1769 Quisquis
1209 1719 1300 1763 est,
1334 1725 1425 1752 ma-

107 1790 222 1830 gnus
247 1781 336 1827 est3
367 1777 632 1829 magnificet
655 1786 820 1815 nomen
837 1779 977 1813 tuum.
1037 1772 1136 1825 Ego
1158 1775 1308 1810 autem
1334 1781 1424 1808 non

106 1846 222 1881 sum,
250 1832 356 1885 quia
378 1838 595 1885 peccator
612 1830 747 1871 homo
767 1842 879 1869 sum.
941 1827 1031 1869 Sed
1051 1834 1097 1867 et
1115 1839 1201 1880 ego
1220 1824 1424 1878 magnifi-

107 1901 159 1928 co
194 1899 359 1928 nomen
381 1892 528 1939 tuum3
562 1892 607 1927 et
628 1885 892 1938 interpellat
911 1889 958 1924 te
981 1895 1063 1937 pro
1084 1882 1287 1937 peccatis
1309 1880 1422 1920 meis

108 1944 185 1997 qui
207 1944 318 1983 vicit
335 1943 588 1993 saeculum,
612 1954 853 1982 numerans
870 1953 941 1980 me
959 1940 1078 1980 inter
1095 1939 1274 1979 infirma
1288 1948 1423 1976 mem-

103 2000 187 2039 bra
221 1999 427 2052 corporis
461 2000 551 2049 sui3
587 1998 692 2051 quia
716 2002 762 2037 et
781 1995 1086 2051 imperfectum
1110 1994 1198 2035 eins
1225 1992 1428 2033 viderunt

108 2054 222 2095 oculi
240 2055 317 2103 tui,
340 2053 439 2094 etin
457 2054 567 2094 libro
589 2061 661 2093 tuo
683 2066 825 2092 omnes
844 2052 1100 2092 scribentur.
1122 2048 1316 2099 (Ps.139‚
1338 2046 1424 2097 16.)

193 2111 239 2152 C.
266 2109 453 2150 XXXII.
513 2110 582 2150 De
608 2108 829 2149 illecebra
853 2108 1043 2148 odorum
1066 2118 1154 2145 non
1180 2110 1340 2158 satago
1359 2104 1422 2143 ni-

109 2168 207 2208 mis.
269 2167 378 2206 Cum
400 2165 579 2215 absunt,
599 2177 689 2205 non
705 2165 913 2217 requiro,
929 2177 1027 2203 cum
1047 2163 1229 2211 adsunt,
1248 2174 1338 2199 non
1355 2171 1422 2198 re-

111 2236 221 2275 spuo
236 2254 245 2270 ‚
272 2228 455 2276 paratus
483 2223 619 2262 etiam
638 2222 704 2261 eis
722 2232 901 2273 semper
920 2230 1090 2260 carere.
1150 2219 1219 2257 lta
1235 2215 1346 2256 mihi
1361 2215 1424 2255 vi-
