1514 2438
281 118 821 161 CONFESSIONUM
852 117 1058 158 LIBER
1089 116 1162 158 VI.
1331 113 1384 155 85

55 212 208 250 menta
219 206 327 247 fidei
349 204 606 254 confecisti,
620 210 666 245 et
681 204 893 257 sparsisti
908 215 1044 257 super
1061 202 1246 242 morbos
1262 200 1385 241 orbis

54 271 295 314 terrarum,
316 268 362 303 et
378 267 551 302 tantam
570 261 664 301 illis
681 261 1003 301 auctoritatem
1020 258 1237 299 tribuisti.

142 321 189 361 C.
215 319 269 362 V.
330 319 399 359 Ex
416 317 504 358 hoc
520 323 673 358 tamen
693 329 875 370 quoque
892 317 982 355 iam
1001 327 1287 369 praeponens
1309 314 1389 354 do·

59 377 251 418 ctrinam
278 374 573 424 catholicam,
602 374 858 413 modestius
882 373 946 412 ibi
964 373 1239 424 minimeque
1257 369 1388 410 falla-

60 435 177 474 citer
202 432 458 473 sentiebam
474 431 645 480 iuberi,
672 436 719 470 ut
748 429 1015 469 crederetur
1043 428 1165 482 quod
1190 439 1281 467 non
1313 426 1390 466 de-

56 488 397 530 monstrabatur
411 488 527 537 (sive
539 492 664 527 esset
683 486 805 540 quid,
817 485 896 525 sed
910 486 983 525 cui
999 484 1121 525 forte
1139 496 1231 523 non
1251 489 1391 532 esset,

58 547 154 586 sive
172 557 228 585 ne
248 545 355 598 quid
375 547 535 595 esset),
564 556 697 596 quam
715 543 813 582 illic
832 542 1078 581 temeraria
1095 539 1392 593 pollicitatio-

59 614 115 642 ne
158 601 379 642 scientiae
418 600 740 640 credulitatem
778 598 983 648 irrideri3
1018 605 1063 639 et
1105 602 1269 650 postea
1300 601 1394 634 tam

59 657 202 698 multa
232 657 578 697 fabulosissima
609 662 654 696 et
687 655 1037 704 absurdissima,
1074 654 1183 706 quia
1208 652 1392 692 demon-

59 714 195 755 strari
214 727 304 753 non
323 718 550 766 poterant,
572 711 803 752 credenda
819 711 1051 763 imperari.
1089 708 1268 749 Deinde
1284 720 1392 760 pau-

57 771 187 811 latim
204 776 254 810 tu
267 801 277 820 ,
303 769 500 810 Domine
512 800 522 819 ,
537 782 673 808 manu
690 768 933 808 mitissima
952 772 997 806 et
1014 764 1393 806 misericordissi-

58 839 133 867 ma
148 831 437 880 pertractans
455 831 500 865 et
519 836 797 879 componens
818 836 1079 872 cormeum,
1099 821 1394 862 consideran-

59 884 93 924 ti
121 896 253 936 quam
279 882 632 922 innumerabilia
651 881 907 930 crederem,
938 891 1052 934 quae
1072 891 1162 918 non
1174 877 1395 926 viderem,

60 952 207 992 neque
228 952 329 978 cum
347 943 619 992 gererentur
638 936 908 987 adfuissem3
941 936 1062 977 sicut
1077 941 1169 975 tam
1187 934 1331 973 multa
1346 932 1396 972 in

63 995 257 1035 historia
272 995 499 1048 gentium,
524 1000 618 1034 tam
642 995 785 1034 multa
810 993 864 1033 de
884 993 1001 1033 locis
1028 997 1162 1045 atque
1188 989 1394 1038 urbibus,

64 1064 177 1105 quae
191 1064 282 1091 nou
299 1050 516 1101 videram,
529 1056 622 1090 tam
641 1051 785 1091 multa
802 1049 975 1098 amicis,
988 1054 1082 1089 tam
1097 1047 1241 1088 multa
1253 1044 1394 1086 medi-

62 1109 253 1157 cis,tam
279 1107 421 1147 multa
439 1106 699 1147 hominibus
727 1107 829 1155 aliis
851 1112 986 1159 atque
1009 1105 1111 1145 aliis
1126 1135 1136 1154 ,
1157 1116 1272 1158 quae
1307 1101 1398 1142 nisi

63 1163 373 1213 crederentur,
398 1164 580 1204 omnino
602 1165 645 1203 in
668 1159 753 1204 hac
771 1164 863 1202 vita
883 1161 998 1202 nihil
1020 1173 1283 1215 ageremus3
1316 1170 1395 1211 po-

60 1227 247 1270 stremo,
260 1220 678 1273 quaminconcussa
694 1220 829 1260 fixum
846 1219 932 1259 fide
947 1219 1208 1266 retinerem,
1224 1217 1280 1256 de
1300 1215 1395 1268 qui-

57 1277 143 1317 bus
155 1276 421 1330 parentibus
435 1282 560 1317 ortus
574 1288 737 1327 essem,
751 1276 872 1329 quod
885 1276 1003 1315 scire
1017 1288 1108 1314 non
1122 1285 1320 1327 possem,
1332 1271 1396 1309 ni-

62 1332 339 1373 siaudiendo
353 1333 673 1373 credidissem:
692 1333 962 1385 persuasisti
974 1330 1099 1379 mihi,
1112 1342 1201 1369 non
1214 1328 1396 1381 quiere-

64 1389 226 1430 derent
237 1389 367 1428 libris
383 1390 489 1438 tuis,
504 1401 617 1442 quos
630 1394 758 1429 tanta
774 1389 821 1427 in
841 1388 1048 1428 omnibus
1062 1386 1159 1425 fere
1180 1383 1394 1437 gentibus

63 1446 338 1485 auctoritate
363 1444 581 1494 fundasti,
603 1445 684 1485 sed
703 1445 778 1497 qui
797 1456 888 1483 non
905 1443 1160 1491 crederent,
1181 1452 1283 1481 esse
1304 1439 1396 1478 cul-

62 1501 255 1556 pandos3
268 1513 353 1541 nec
364 1500 617 1541 audiendos
631 1513 749 1550 esse,
764 1501 803 1540 si
816 1500 891 1553 qui
904 1498 1024 1539 forte
1036 1496 1146 1537 mihi
1167 1497 1394 1537 dicerent:

63 1557 184 1598 unde
197 1558 287 1597 scis
300 1557 407 1597 illos
419 1557 563 1597 libros
581 1558 714 1597 unius
726 1557 821 1596 veri
843 1561 887 1596 et
904 1554 1190 1595 veracissimi
1207 1553 1295 1592 Dei
1307 1551 1396 1604 spi-

62 1615 154 1654 ritu
181 1626 282 1654 esse
303 1612 497 1653 humano
519 1614 678 1667 generi
695 1611 1009 1653 ministratos&
1041 1611 1091 1650 ld
1108 1611 1255 1664 ipsum
1275 1608 1397 1648 enim

63 1671 258 1711 maxime
270 1669 546 1710 credendum
560 1675 672 1719 erat,
685 1669 898 1722 quoniam
908 1668 1032 1708 nulla
1041 1667 1312 1721 pugnacitas
1325 1676 1396 1704 ca-

65 1727 396 1767 lumniosarum
417 1726 735 1779 quaestionum
756 1737 839 1778 per
863 1730 956 1764 tam
973 1724 1118 1774 multa
1136 1734 1251 1776 quae
1271 1721 1395 1774 lege-

63 1795 160 1823 ram
173 1783 292 1823 inter
304 1795 351 1822 se
368 1781 714 1836 confligentium
729 1779 1107 1835 philosophorum
1120 1785 1396 1831 extorquere

63 1837 176 1880 mihi
192 1839 355 1893 potuit,
367 1844 418 1879 ut
436 1838 680 1891 aliquando
700 1853 791 1878 non
812 1838 1048 1877 crederem
1065 1842 1110 1876 te
1131 1847 1249 1885 esse,
1269 1833 1396 1888 quid·

66 1895 176 1949 quid
195 1907 321 1935 esses
341 1894 464 1948 quod
482 1907 569 1948 ego
590 1895 831 1944 nescirem,
853 1899 931 1934 aut
949 1892 1396 1933 administrationem

64 1963 217 1991 rerum
235 1950 531 1991 humanarum
550 1950 606 1990 ad
623 1956 668 1991 te
686 1951 934 2004 pertinere.
977 1949 1069 1991 Sed
1086 1949 1133 1989 id
1152 1947 1396 1989 credebam

65 2007 309 2060 aliquando
344 2007 601 2057 robustius,
627 2006 873 2061 aliquando
902 2007 1067 2047 exilius
1083 2020 1093 2055 3
1128 2015 1308 2057 semper
1330 2009 1396 2042 ta·

63 2075 167 2103 men
187 2062 384 2113 credidi,
401 2069 446 2103 et
464 2074 565 2103 esse
583 2068 646 2113 te,
665 2069 711 2104 et
727 2076 880 2104 curam
897 2063 1046 2103 nostri
1067 2073 1245 2115 gerere,
1259 2059 1397 2099 etiam

66 2119 398 2173 siignorabam,
413 2119 486 2159 vel
499 2118 606 2173 quid
618 2119 907 2160 sentiendum
927 2123 1051 2159 esset
1065 2118 1121 2157 de
1140 2116 1398 2158 substantia

67 2179 165 2224 tua,
190 2175 265 2215 vel
283 2188 397 2229 quae
417 2176 490 2215 via
508 2176 697 2216 duceret
716 2180 793 2215 aut
810 2175 1057 2216 reduceret
1072 2172 1129 2213 ad
1146 2179 1206 2212 te.
1267 2171 1401 2209 ideo-

70 2243 155 2284 que
179 2244 277 2271 cum
306 2243 510 2273 essemus
537 2231 705 2272 infirmi
725 2232 781 2272 ad
798 2230 1118 2272 inveniendam
1135 2227 1311 2282 liquida
1328 2238 1400 2265 ra-
