1473 2443
99 106 176 147 128
422 108 691 150 AURELII
718 110 1083 154 AUGUSTINI

94 190 277 245 peribus
295 191 576 245 accipiantur
591 205 815 247 personae
833 195 1036 248 divitum,
1055 205 1133 239 aut
1150 210 1257 252 prae
1274 199 1403 253 igno-

92 248 261 287 bilibus
280 248 476 300 nobiles3
503 250 680 303 quando
698 252 850 304 potius
868 251 1047 306 infirma
1060 253 1210 294 mundi
1224 254 1403 309 elegisti,

94 311 145 342 ut
156 302 443 357 confunderes
451 303 603 362 fortia
612 319 632 354 ,·
649 312 692 345 et
705 306 917 360 ignobilia
934 308 1060 349 huius
1076 309 1225 350 mundi
1239 309 1410 364 elegisti

103 364 143 399 et
162 358 493 411 contemtibilia,
522 366 566 401 et
580 373 631 401 ea
649 374 758 415 qaae
773 375 861 403 non
876 371 977 403 sant
993 371 1214 418 tamquam
1228 365 1335 415 sint,
1359 371 1408 405 ut

102 427 153 454 ea
177 426 287 467 quae
308 422 410 456 sant
430 428 684 457 evacuares.-
715 422 760 458 et
775 423 925 459 tamen
943 419 1063 460 idem
1080 422 1179 474 ipse
1196 421 1406 461 minimus

101 470 416 523 apostolorum
432 476 633 523 tuorum,
651 484 733 525 per
751 474 876 514 cuius
893 474 1095 528 linguam
1111 482 1190 517 tua
1204 477 1294 517 ista
1313 489 1407 516 ver-

99 525 159 565 ba
191 527 385 567 sonuisti
409 528 559 576 (lCor.
582 529 619 578 l,
638 529 704 569 27.
724 531 803 580 s.),
838 542 938 570 cum
970 531 1139 572 Paulus
1160 532 1409 585 proconsul

97 592 180 634 per
203 583 299 622 eius
321 583 530 623 militiam
553 583 781 625 debellata
802 586 1015 638 superbia
1031 588 1114 628 sub
1131 587 1235 628 lene
1252 588 1409 641 iugum

100 635 270 678 Christi
300 639 369 678 tui
397 640 563 679 missus
596 644 739 690 esset,
775 642 900 694 regis
932 644 1085 696 magni
1114 643 1408 696 provincialis

99 692 311 744 effectus,
333 694 431 748 ipse
455 706 635 749 quoque
659 708 717 737 ex
737 696 889 749 priore
909 697 1046 739 Saulo
1066 697 1234 739 Paulus
1252 699 1409 738 vocari

95 749 274 798 amavit,
296 749 351 788 ob
370 756 460 789 tam
478 764 669 804 magnae
686 752 866 805 insigne
884 754 1118 794 victoriae.
1156 753 1265 794 Plus
1287 754 1405 794 enim

94 803 239 844 hostis
258 806 452 845 vincitur
469 806 514 845 in
535 819 609 855 eo,
630 819 761 860 quem
779 807 879 860 plus
898 813 1044 859 tenet,
1067 814 1112 849 et
1130 808 1184 848 de
1204 822 1291 863 quo
1312 809 1405 862 plu-

94 872 167 899 res
191 865 335 900 tenet:
370 861 470 913 plus
495 867 645 902 autem
663 863 883 915 superbos
902 869 1030 904 tenet
1045 865 1226 904 nomine
1244 864 1405 904 nobili-

92 916 222 965 tatis,
249 920 293 954 et
316 916 370 955 de
395 916 463 957 his
486 918 639 971 plures
662 918 843 959 nomine
863 920 1164 960 auctoritatis.
1226 919 1404 968 Quanto

91 971 233 1024 igitur
256 972 429 1024 gratius
454 973 743 1026 cogitabatur
769 973 1064 1029 [cogebatur]
1089 974 1316 1016 Victorini
1332 987 1406 1029 pe-

94 1032 213 1076 ctus,
258 1027 379 1080 quod
415 1034 643 1082 tamquam
678 1030 1031 1084 inexpugnabile
1068 1031 1406 1084 receptaculum

94 1081 304 1122 diabolus
340 1083 620 1134 obtinuerat,
655 1090 701 1125 et
731 1084 963 1126 Victorini
986 1086 1162 1140 lingua,
1197 1098 1285 1139 quo
1310 1087 1404 1126 telo

93 1137 254 1191 grandi
286 1143 332 1178 et
349 1144 482 1179 acuto
514 1140 682 1180 multos
713 1146 988 1193 peremerat:
1019 1146 1146 1182 tanto
1179 1142 1405 1182 abundan-

93 1195 182 1233 tius
198 1194 426 1235 exsultare
442 1196 644 1248 oportuit
660 1195 782 1236 filios
799 1201 919 1247 tuos,
937 1197 1042 1251 quia
1056 1208 1140 1238 rex
1155 1201 1313 1237 noster
1330 1197 1404 1237 ad-

91 1249 253 1302 ligavit
270 1249 452 1301 fortem,
472 1255 518 1291 et
533 1251 749 1292 videbant
764 1264 873 1292 vasa
892 1253 988 1293 eius
1007 1256 1164 1306 erepta
1179 1252 1402 1302 mundari,

95 1310 140 1345 et
163 1305 309 1358 aptari
330 1306 376 1345 in
394 1304 614 1346 honorem
630 1311 777 1357 tuum,
803 1312 849 1348 et
865 1308 967 1348 fieri
983 1308 1116 1349 utilia
1131 1307 1328 1348 Domino
1347 1309 1405 1348 ad

92 1372 224 1400 omne
245 1374 356 1414 opus
373 1362 555 1402 bonum.

176 1416 223 1456 C.
249 1416 303 1457 V.
364 1416 455 1458 Sed
477 1418 556 1458 ubi
576 1416 687 1458 mihi
709 1417 846 1458 homo
869 1423 975 1459 tuus
1002 1418 1320 1472 Simplicianus
1347 1419 1402 1459 de

90 1470 330 1512 Victorino
346 1473 436 1512 ista
449 1474 662 1524 narravit,
681 1474 831 1515 exarsi
848 1474 905 1514 ad
921 1475 1201 1515 imitandum.
1231 1476 1297 1514 Ad
1315 1473 1402 1514 hoc

92 1528 210 1567 enim
235 1533 279 1568 et
301 1528 380 1569 ille
404 1535 681 1570 narraverat.
741 1529 910 1570 Postea
932 1543 1063 1584 quam
1087 1542 1196 1570 vero
1222 1535 1267 1570 et
1288 1530 1403 1570 illud

91 1583 291 1633 addidit,¹
319 1585 441 1636 quod
472 1585 762 1639 Imperatoris
795 1585 959 1625 Iuliani
990 1585 1269 1638 temporibus
1295 1585 1398 1638 lege

92 1640 198 1679 data
224 1638 443 1693 prohibiti
465 1645 570 1680 sunt
592 1640 836 1681 Christiani
860 1641 1024 1681 docere
1047 1641 1331 1682 literaturam
1356 1646 1402 1680 et

91 1696 353 1745 oratoriam,
369 1709 499 1748 quam
514 1696 664 1749 legem
677 1696 755 1736 ille
771 1696 1003 1748 amplexus
1017 1696 1256 1750 loquacem
1269 1695 1399 1736 scho-

87 1749 179 1789 lam
198 1750 410 1790 deserere
427 1751 599 1801 maluit,
617 1764 748 1805 quam
760 1753 942 1792 verbum
957 1756 1097 1801 tuum,
1114 1764 1200 1806 quo
1217 1751 1397 1806 linguas

86 1804 329 1845 infantium
354 1805 469 1846 facis
494 1807 710 1847 disertas:
742 1819 833 1846 non
855 1806 966 1847 mihi
987 1806 1156 1847 fortior
1179 1820 1312 1862 quam
1332 1807 1397 1847 fe-

85 1860 221 1901 licior
235 1861 359 1901 visus
375 1867 457 1911 est,
474 1862 578 1915 quia
593 1863 767 1902 invenit
785 1864 1072 1903 occasionem
1088 1863 1281 1903 vacandi
1296 1863 1395 1918 tibi.

89 1916 172 1956 Cui
188 1917 254 1956 rei
273 1929 359 1970 ego
379 1918 660 1970 suspirabam
677 1918 861 1971 ligatus,
880 1932 970 1959 non
986 1918 1108 1959 ferro
1128 1919 1293 1968 alieno,
1314 1918 1396 1958 sed

86 1984 188 2012 mea
204 1971 356 2012 ferrea
374 1973 616 2013 voluntate.
653 1973 784 2014 Velle
803 1986 951 2014 meum
968 1975 1155 2015 tenebat
1168 1974 1394 2024 inimicus,

89 2033 134 2067 et
163 2027 268 2068 inde
299 2027 410 2068 mihi
442 2034 646 2069 catenam
678 2029 854 2070 fecerat
886 2036 931 2070 et
953 2031 1287 2070 constrinxerat
1307 2042 1391 2069 me.

90 2084 265 2137 Quippe
300 2096 361 2124 ex
396 2085 673 2124 voluntate
707 2098 958 2138 perversa
988 2085 1133 2126 facta
1161 2090 1246 2125 est
1274 2085 1392 2124 libi-

90 2139 173 2189 do3
208 2145 260 2180 et
299 2139 413 2180 dum
452 2141 686 2181 servitur
724 2142 960 2192 libidini,
993 2140 1140 2181 facta
1169 2145 1248 2180 est
1277 2153 1392 2181 con-

88 2195 332 2248 suetud03
366 2201 415 2237 et
443 2197 557 2237 dum
581 2198 959 2239 consuetudini
980 2209 1080 2238 non
1102 2197 1392 2247 resistitur,
