1514 2438
243 141 764 185 CONFESSIONUM
792 141 994 184 LIBER
1021 142 1127 184 Vll.
1266 143 1343 182 117

26 229 170 281 Atque
203 229 269 268 ita
301 228 523 283 gradatim
547 241 573 268 a
596 228 866 282 corporibus
890 228 947 269 ad
969 229 1240 269 sentientem
1263 240 1346 281 per

31 297 194 338 corpus
220 285 432 336 animam3
459 290 594 338 atque
616 286 723 326 inde
748 285 805 325 ad
829 286 926 325 eius
950 285 1219 326 interiorem
1238 286 1343 334 vim,

31 342 103 380 cui
126 353 284 381 sensus
304 342 508 395 corporis
528 343 760 381 exteriora
777 340 1087 391 adnuntiaret,
1111 344 1158 381 et
1180 353 1345 395 quous-

37 408 122 450 que
144 402 334 450 possunt
359 396 556 448 bestiae3
595 402 730 451 atque
755 397 860 437 inde
890 409 1046 437 rursus
1080 395 1138 437 ad
1162 397 1346 438 ratioci-

34 458 216 493 nantem
249 455 522 507 potentiam‚
563 454 619 494 ad
661 466 793 507 quam
824 452 1025 493 refertur
1054 452 1349 493 iudicandum

36 509 159 563 quod
182 509 373 549 sumitur
396 521 422 549 a
439 509 648 550 sensibus
668 511 889 563 corporis.
953 508 1078 557 Quae
1097 521 1146 549 se
1166 521 1346 562 quoque

33 566 82 605 in
94 577 165 605 me
184 565 467 617 comperiens
484 566 765 616 mutabilem,
781 566 928 605 erexit
945 577 993 605 se
1016 564 1074 605 ad
1089 565 1349 618 intelligen-

32 621 143 662 tiam
165 633 310 672 suam;
344 627 389 662 et
407 621 594 662 abduxit
612 622 938 676 cogitationem
958 633 983 661 a
1001 621 1350 673 consuetudine,

34 674 304 719 subtrahens
319 689 368 718 se
383 678 801 718 contradicentibus
812 678 956 718 turbis
970 675 1346 731 phantasmatum,

31 738 82 774 ut
98 734 324 775 inveniret
341 746 428 788 quo
446 733 615 774 lumine
634 734 1002 788 adspergeretur,
1023 746 1123 773 cum
1140 734 1238 773 sine
1257 733 1352 773 ulla.

33 789 318 830 dubitatione
353 790 570 830 clamaret
600 790 971 831 incommutabile
999 788 1351 844 praeferendum

32 858 134 886 esse
174 846 404 897 mutabili;
441 846 561 887 unde
593 851 753 887 nosset
782 847 931 901 ipsum
961 846 1350 896 incommutabile,

32 901 153 954 quod
167 903 255 942 nisi
269 902 420 956 aliquo
438 902 576 943 modo
595 908 767 953 nosset,
782 902 908 943 nullo
925 901 1063 942 modo
1080 902 1195 942 illud
1209 908 1351 941 muta-

31 957 116 998 bili
141 963 266 997 certo
292 963 611 1013 praeponeret.
669 959 728 999 Et
746 959 956 1013 pervenit
971 958 1030 999 ad
1045 958 1114 1008 id,
1140 958 1262 1013 quod
1282 964 1353 998 est

31 1015 77 1053 in
100 1014 193 1053 ictu
215 1014 485 1069 trepidantis
509 1014 766 1070 adspectus.
827 1016 956 1056 Tunc
971 1026 1081 1056 vero
1100 1015 1356 1055 invisibilia

32 1077 112 1109 tua
133 1082 214 1124 per
229 1082 303 1121 ea,
329 1083 443 1125 quae
462 1069 586 1113 facta
603 1075 725 1123 sunt,
749 1071 988 1112 intellecta
1004 1071 1244 1125 conspexi,
1271 1072 1353 1111 sed

33 1126 175 1166 aciem
205 1126 347 1180 figere
380 1139 471 1168 non
505 1127 673 1179 evalui3
713 1134 759 1169 et
785 1140 1058 1182 repercussa
1086 1127 1352 1168 infirmitate

31 1183 238 1223 redditus
270 1183 442 1234 solitis,
466 1196 557 1225 non
579 1196 756 1225 mecum
788 1183 994 1225 ferebam
1016 1185 1105 1225 nisi
1129 1189 1354 1224 amantem

31 1240 310 1289 memoriam,
331 1244 376 1280 et
393 1241 523 1294 quasi
542 1239 711 1282 olfacta
729 1241 1079 1290 desiderantem,
1100 1252 1213 1294 quae
1233 1252 1352 1280 com-

37 1295 172 1335 edere
189 1296 389 1336 nondum
405 1308 602 1349 possem.

120 1351 167 1391 C.
182 1350 345 1392 XVIII.
405 1352 464 1392 Et
481 1354 752 1406 quaerebam
770 1353 889 1393 viam
908 1352 1197 1406 comparandi
1217 1352 1353 1391 robo-

36 1408 116 1456 ris,
129 1407 384 1460 quodesset
399 1408 615 1448 idoneum
633 1409 689 1449 ad
707 1408 949 1448 fruendum
964 1413 1031 1459 te3
1050 1420 1134 1448 nec
1151 1408 1352 1447 invenie-

34 1463 153 1511 bam,
164 1462 310 1504 donec
322 1463 621 1517 amplecterer
635 1465 934 1504 mediatorem
944 1463 1034 1504 Dei
1048 1468 1093 1503 et
1106 1461 1352 1513 hominum,

37 1516 265 1558 hominem
283 1517 514 1559 Christum
533 1519 701 1570 Iesum,
722 1522 797 1574 qui
816 1524 886 1560 est
904 1531 1040 1573 super
1059 1520 1209 1559 omnia
1225 1517 1352 1558 Deus

36 1574 305 1615 benedictus
329 1576 376 1615 in
401 1576 605 1626 saecula,
634 1582 874 1616 vocantem
899 1581 944 1616 et
967 1576 1212 1616 dicentem:
1246 1574 1350 1628 Ego

36 1642 129 1669 sum
145 1629 229 1679 via,
249 1630 408 1671 veritas
428 1637 473 1671 et
485 1630 575 1672 vita
593 1630 708 1681 (Ioh.
730 1632 794 1682 14,
814 1630 894 1682 6.);
930 1636 976 1672 et
994 1632 1163 1681 cibum,
1189 1633 1258 1672 cui
1281 1644 1351 1671 ca-

36 1687 201 1739 piendo
235 1687 463 1728 invalidus
497 1699 638 1738 eram,
673 1690 938 1729 miscentem
963 1689 1106 1739 carni3
1139 1689 1351 1741 quoniam

36 1741 267 1783 Verbum
292 1755 414 1784 caro
438 1742 636 1785 factum
656 1749 755 1794 est,
780 1748 829 1784 ut
846 1743 1066 1784 infantiae
1084 1748 1270 1783 nostrae
1288 1743 1350 1782 la-

39 1801 264 1839 ctesceret
277 1801 502 1854 sapientia
513 1805 606 1850 tua,
622 1813 703 1854 per
718 1813 849 1854 quam
867 1801 1035 1841 creasti
1053 1801 1216 1839 omnia.
1248 1798 1349 1839 Non

38 1855 157 1894 enim
173 1855 385 1896 tenebam
400 1855 645 1897 Dominum
662 1869 809 1897 meum
826 1856 989 1906 Iesum,
1008 1854 1190 1896 humilis
1210 1853 1351 1895 humi-

36 1909 146 1960 lem3
179 1922 262 1951 nec
287 1912 414 1952 cuius
438 1913 507 1953 rei
521 1913 742 1966 magistra
760 1917 883 1953 esset
902 1914 998 1953 eius
1015 1911 1254 1952 infirmitas
1273 1924 1350 1951 no-

34 1977 201 2006 veram.
243 1964 443 2009 Verbum
463 1968 580 2009 enim
595 1973 724 2009 tuum
741 1974 928 2010 aeterna
943 1970 1126 2019 veritas,
1146 1968 1350 2021 superio-

36 2022 162 2061 ribus
179 2026 416 2064 creaturae
430 2028 537 2064 tuae
551 2025 755 2079 partibus
771 2026 1126 2079 supereminens,
1140 2024 1349 2065 subditos

39 2078 176 2130 erigit
192 2078 249 2119 ad
265 2091 315 2119 se
337 2080 502 2133 ipsam:
532 2080 585 2120 in
605 2080 966 2122 inferioribus
999 2087 1177 2121 autem
1204 2091 1262 2120 ae
1274 2079 1349 2120 di-

36 2131 227 2174 ficavit
249 2135 355 2176 sibi
376 2133 623 2176 humilem
656 2138 860 2178 domum
893 2138 955 2179 dc
985 2137 1108 2177 limo
1143 2140 1348 2183 nostro,

36 2200 130 2242 per
154 2202 303 2243 quam
321 2191 625 2233 subdendos
646 2193 971 2248 deprimeret
994 2205 1021 2232 a
1043 2204 1096 2232 se
1115 2192 1276 2245 ipsis,
1300 2195 1351 2229 ot

38 2244 102 2284 ad
123 2257 179 2286 se
200 2247 506 2298 traiiceret,
522 2261 711 2290 sanans
733 2255 1014 2299 tum-orem,
1031 2253 1081 2288 et
1103 2248 1358 2288 nutriens.
