1514 2438
273 96 819 141 CONFESSIONUM
848 98 1056 140 LIBER
1086 97 1167 140 IV.
1333 99 1386 139 45

61 182 181 223 sine
199 187 266 233 te,
291 183 401 224 nisi
420 183 524 224 dux
540 183 592 223 in
609 183 900 238 praeceps&
916 184 1005 225 Aut
1022 183 1131 237 quid
1148 195 1267 234 sum,
1288 196 1390 224 cum

59 237 300 279 mihibene
313 244 396 290 est,
409 239 497 279 nisi
510 241 761 293 sugenslac
781 245 922 291 tuum,
935 245 1013 281 aut
1028 240 1184 280 fruens
1202 244 1247 280 te
1268 240 1387 289 cibo,

62 295 140 348 qui
157 307 247 335 non
274 295 608 348 corrumpitur&
636 295 697 336 Et
720 297 820 349 quis
847 295 983 337 homo
1010 301 1080 337 est
1099 296 1292 350 quilibet
1309 294 1387 336 ho-

60 363 151 401 mo,
173 364 272 391 cum
291 351 351 391 sit
369 349 536 391 homo‘}
555 350 646 392 Sed
662 352 888 393 irrideant
903 365 987 392 nos
1006 351 1151 393 fortes
1171 356 1216 392 et
1232 357 1390 405 poten-

59 412 150 458 tes;
183 419 266 447 nos
292 412 443 447 autem
469 408 638 447 infirmi
666 413 712 447 et
735 409 897 461 inopes
919 408 1218 448 confiteamur
1233 408 1333 448 tibi.

144 463 190 503 C.
218 463 272 503 ΙΙ.
331 461 568 504 Docebam
594 465 638 503 in
664 464 757 504 illis
785 464 914 504 annis
934 470 1077 504 artem
1095 462 1388 515 rhetoricam,

62 524 107 558 et
123 519 420 559 victoriosam
439 519 769 573 loquacitatem
786 521 934 560 victus
955 520 1204 573 cupiditate
1223 520 1389 561 vende-

58 574 176 614 bam.
209 575 438 615 Malebam
454 575 847 626 tamen,Domine‚
866 582 915 615 tu
934 576 1200 625 scis,bonos
1220 575 1390 617 habere

59 631 333 683 discipulos,
365 632 484 672 sicut
507 631 797 685 adpellantur
818 632 951 682 boni3
986 636 1031 671 et
1055 644 1134 672 eos
1161 632 1257 672 sine
1278 632 1385 672 dolo

58 686 279 727 docebam
305 687 461 737 dolos,
493 700 584 728 non
610 688 772 742 quibus
798 693 958 728 contra
976 694 1110 741 caput
1127 689 1386 728 innocentis

57 750 272 796 agerent,
298 743 379 783 sed
407 744 651 797 aliquando
675 757 758 798 pro
785 745 935 797 capite
959 745 1184 784 nocentis.
1244 745 1303 784 Et
1319 749 1381 793 tu,

55 797 204 849 Deus,
233 799 390 840 vidisti
414 799 469 840 de
495 800 747 854 longinquo
772 800 1025 853 lapsantem
1048 801 1094 840 in
1113 800 1312 850 lubrico,
1340 808 1386 841 et

55 854 102 894 in
127 856 271 895 multo
300 856 425 896 fumo
452 856 779 897 scintillantem
804 857 939 896 fidem
957 869 1127 906 meam,
1157 869 1288 910 quam
1310 869 1383 897 ex-

57 908 270 951 hibebam
300 913 348 951 in
380 912 461 951 illo
496 913 764 966 magisterio
794 913 1093 966 diligentibus
1120 913 1382 961 vanitatem,

60 974 105 1006 et
130 968 454 1020 quaerentibus
480 969 787 1019 mendacium,
817 970 970 1009 socius
992 981 1163 1009 eorum.
1222 969 1272 1008 In
1290 969 1383 1009 illis

58 1024 187 1063 annis
208 1036 340 1064 unam
358 1023 601 1075 habebam,
629 1038 720 1065 non
740 1037 818 1075 eo,
840 1025 962 1079 quod
978 1025 1234 1079 legitimum
1252 1037 1385 1065 voca-

57 1085 151 1129 tur,
171 1081 387 1134 coniugio
405 1082 650 1135 cognitam,
671 1081 753 1121 sed
775 1094 907 1135 quam
924 1081 1225 1135 indagaverat
1240 1094 1383 1135 vagus

57 1135 194 1175 ardor
210 1137 342 1189 inops
361 1137 654 1191 prudentiae:
688 1138 770 1178 sed
787 1150 921 1177 unam
938 1143 1110 1187 tamen,
1140 1139 1180 1178 ei
1202 1150 1383 1191 quoque

56 1203 243 1232 servans
269 1192 393 1232 thori
418 1193 576 1244 fidem,
602 1194 648 1233 in
675 1207 762 1247 qua
790 1207 898 1234 sane
918 1195 1153 1247 experirer
1173 1194 1381 1246 exemplo

55 1260 183 1297 meo,
218 1249 328 1302 quid
354 1249 548 1290 distaret
572 1250 691 1290 inter
717 1250 975 1304 coniugalis
1004 1251 1159 1303 placiti
1184 1250 1382 1299 modum,

57 1304 179 1356 quod
202 1303 491 1346 foederatum
520 1311 644 1346 esset
667 1306 918 1359 generandi
945 1307 1112 1360 gratia,
1141 1311 1187 1346 et
1205 1311 1384 1359 pactum

54 1360 292 1400 libidinosi
311 1362 502 1411 amoris,
529 1362 606 1401 ubi
625 1362 777 1414 proles
799 1363 936 1402 etiam
955 1368 1114 1401 contra
1132 1368 1287 1401 votum
1307 1375 1382 1401 na=

56 1415 218 1467 scitur3
253 1418 456 1469 quamvis
489 1417 581 1457 iam
614 1425 721 1457 nata
754 1423 892 1471 cogat
924 1430 973 1458 se
1000 1417 1144 1470 diligi.
1205 1418 1379 1457 Recolo

57 1471 215 1521 etiam,
251 1485 350 1512 cum
383 1471 495 1512 mihi
524 1471 741 1513 theatrici
768 1474 980 1513 carminis
1009 1478 1237 1513 certamen
1264 1473 1379 1512 inire

55 1526 328 1581 placuisset,
356 1528 596 1569 mandasse
618 1527 727 1569 mihi
746 1530 903 1570 nescio
925 1542 1058 1582 quem
1076 1528 1379 1582 haruspicem,

57 1583 164 1636 quid
176 1585 219 1624 ei
238 1584 346 1624 dare
361 1585 587 1625 mercedis
605 1585 786 1635 vellem,
801 1590 851 1625 ut
868 1586 1118 1635 vincerem3
1138 1597 1210 1625 me
1229 1590 1382 1626 autem

54 1639 195 1680 foeda
230 1640 313 1680 illa
351 1646 639 1682 sacramenta
679 1641 957 1682 detestatum
992 1647 1037 1682 et
1072 1641 1380 1681 abominatum

54 1696 370 1748 respondisset
403 1710 487 1738 nec
521 1698 558 1738 si
594 1709 766 1738 corona
799 1697 881 1737 illa
912 1705 1036 1738 esset
1059 1697 1382 1738 immortaliter

55 1765 214 1803 aurea,
248 1765 451 1793 muscam
483 1766 565 1807 pro
591 1754 788 1794 victoria
811 1766 915 1793 mea
937 1755 1093 1794 necari
1116 1766 1187 1794 me
1213 1754 1380 1794 sinere.

55 1807 310 1849 Necaturus
329 1810 448 1849 enim
469 1814 568 1850 erat
583 1810 662 1850 ille
681 1810 727 1850 in
745 1810 985 1850 sacrificiis
1004 1811 1097 1851 suis
1117 1810 1378 1859 animantia,

57 1872 101 1904 et
126 1864 215 1905 illis
240 1863 490 1906 honoribus
518 1867 791 1907 invitaturus
817 1865 926 1906 mihi
948 1865 1256 1921 suffragatura
1275 1866 1376 1906 dae-

54 1922 208 1961 monia
239 1921 493 1962 videbatur.
555 1922 647 1964 Sed
679 1920 767 1963 hoc
800 1934 982 1976 quoque
1012 1923 1179 1964 malum
1205 1935 1295 1962 non
1323 1934 1380 1961 ex

53 1984 132 2016 tua
150 1979 361 2018 castitate
380 1977 639 2032 repudiavi,
656 1978 783 2018 Deus
803 1979 956 2019 cordis
973 1979 1078 2019 mei.
1137 1977 1240 2020 Non
1260 1979 1379 2018 enim

55 2046 205 2074 amare
223 2040 268 2074 te
290 2046 527 2083 noveram,
554 2035 631 2088 qui
647 2035 737 2075 nisi
754 2034 963 2088 fulgores
982 2047 1234 2089 corporeos
1254 2034 1378 2087 cogi-

53 2098 150 2130 tare
184 2102 275 2130 non
308 2102 539 2131 noveram.
601 2090 790 2131 Talibus
824 2092 943 2131 enim
974 2090 1205 2145 figmentis
1233 2090 1377 2142 suspi-

53 2158 158 2185 rans
178 2146 346 2196 anima,
367 2158 515 2186 nonne
533 2145 789 2187 fornicatur
807 2147 886 2187 abs
904 2153 966 2197 te,
988 2153 1033 2187 et
1051 2147 1150 2187 fidit
1166 2147 1212 2185 in
1230 2144 1376 2194 falsis,

55 2200 255 2255 etpost-it
269 2209 417 2243 ventos
438 2203 456 2243 ‚2
486 2202 621 2247 (Hos.
643 2204 707 2244 12.
728 2204 789 2253 2.)
851 2203 940 2243 Sed
968 2203 1186 2243 videlicet
1207 2201 1376 2242 sacrifi-
