1473 2443
46 84 99 124 86
375 85 653 126 AURELII
683 86 1060 128 AUGUSTINI

45 173 170 209 tione
189 170 443 218 veritatem,
457 174 502 209 et
521 169 577 209 ob
596 167 683 209 hoc
700 170 832 211 nobis
852 184 964 225 opus
981 176 1105 212 esset
1124 173 1364 213 auctorita-

44 232 87 265 te
107 230 367 265 sanctarum
386 226 636 275 literarum,
651 226 741 266 iam
756 226 943 267 credere
964 240 1220 281 coeperam,
1239 229 1365 268 nullo

43 281 178 320 modo
206 287 250 320 te
282 280 426 321 fuisse
452 280 727 322 tributurum
742 287 834 322 tam
855 284 1153 323 excellentem
1172 284 1242 323 illi
1260 285 1367 325 scri-

44 342 204 389 pturae
223 348 305 389 per
324 349 481 377 omnes
499 337 589 376 iam
606 342 752 378 terras
770 340 1106 389 auctoritatem,
1120 340 1208 379 nisi
1228 344 1273 380 et
1287 352 1369 392 per

47 393 191 444 ipsam
208 392 291 431 tibi
308 393 433 433 credi
450 397 495 432 et
510 404 592 445 per
607 393 751 446 ipsam
769 399 814 433 te
828 396 986 446 quaeri
1004 396 1244 435 voluisses.
1277 396 1369 436 lam

50 448 169 487 enim
202 448 554 499 absurditatem,
588 461 702 502 quae
736 462 807 489 me
832 450 877 489 in
900 450 993 490 illis
1017 451 1165 491 literis
1191 451 1368 491 solebat

48 503 304 553 offendere,
342 517 441 544 cum
473 505 616 544 multa
649 517 704 544 ex
740 506 806 545 eis
832 505 1135 558 probabiliter
1161 508 1370 559 exposita

47 560 359 609 audissem,ad
380 565 767 600 sacramentorum
787 561 1073 601 altitudinem
1090 561 1368 613 referebam3

49 627 196 668 eoque
229 614 338 654 mihi
373 617 454 655 illa
488 615 792 656 venerabilior
818 622 863 656 et
888 623 1183 657 sacrosancta
1207 619 1294 658 fide
1308 619 1371 659 di-

47 671 181 724 gnior
199 671 447 723 adparebat
465 673 731 722 auctoritas,
745 685 832 726 quo
854 678 899 712 et
918 673 1124 713 omnibus
1145 674 1201 713 ad
1219 674 1371 728 legen-

49 727 152 765 dum
187 732 312 767 esset
342 728 388 766 in
421 734 623 779 promtu,
666 733 712 767 et
743 729 913 768 secreti
936 730 1007 768 sui
1032 729 1301 782 dignitatem
1326 731 1369 769 in

46 782 287 822 intellectu
313 782 611 835 profundiore
638 789 862 833 servaret,
889 784 1040 824 verbis
1068 786 1370 837 apertissimis

49 844 95 877 et
125 836 377 878 humillimo
412 851 580 892 genere
615 839 833 892 loquendi
853 851 903 880 se
932 841 1105 880 cunctis
1133 841 1371 893 praebens,

53 899 98 933 et
123 906 341 933 exercens
369 895 669 935 intentionem
691 907 870 945 eorum,
904 896 981 948 qui
1006 909 1097 936 non
1122 902 1227 937 sunt
1249 896 1372 937 leves

50 949 212 1000 eorde3
234 956 281 989 ut
294 951 527 1002 exciperet
546 963 702 990 omnes
722 952 933 1003 populari
945 952 1061 1002 sinu,
1076 956 1121 991 et
1138 965 1218 1005 per
1236 965 1373 1006 angu-

48 1011 120 1045 sta
151 1004 376 1045 foramina
408 1019 578 1058 paucos
607 1007 663 1046 ad
689 1012 733 1046 te
758 1007 1019 1057 trajiceret,
1052 1008 1196 1048 multo
1222 1014 1372 1049 tamen

46 1061 216 1113 plures,
231 1074 362 1114 quam
381 1064 417 1101 si
435 1074 518 1101 nec
535 1067 664 1101 tanto
686 1063 814 1115 apice
835 1064 1123 1103 auctoritatis
1137 1066 1372 1112 emineret,

46 1129 131 1156 nec
158 1117 315 1157 turbas
337 1118 511 1171 gremio
531 1123 715 1158 sanctae
735 1117 1004 1159 humilitatis
1024 1117 1241 1160 hauriret.
1290 1121 1370 1159 Co-

49 1173 251 1225 gitabam
271 1171 405 1223 haec,
421 1178 468 1213 et
485 1174 646 1213 aderas
665 1172 797 1224 mihi3
831 1174 1135 1227 suspirabam,
1156 1184 1201 1215 et
1219 1176 1372 1215 audie-

46 1228 129 1267 bas
162 1240 256 1278 me3
289 1228 583 1279 fluctuabam,
617 1235 662 1269 et
694 1230 979 1283 gubernabas
1011 1242 1106 1282 me,
1140 1231 1259 1271 ibam
1292 1244 1373 1285 per

48 1285 166 1323 viam
185 1285 356 1324 saeculi
378 1285 532 1335 latam,
551 1297 635 1325 nec
657 1286 919 1326 deserebas.

131 1340 178 1379 C.
204 1339 283 1380 Vl.
345 1339 577 1380 lnhiabam
597 1339 863 1391 honoribus,
883 1342 1040 1392 lucris,
1061 1344 1299 1397 coniugi03
1327 1351 1371 1384 et

47 1402 95 1435 tu
131 1396 371 1436 irridebas.
432 1396 648 1436 Patiebar
674 1398 719 1436 in
746 1398 810 1437 eis
837 1398 1161 1451 cupiditatibus
1189 1401 1371 1440 amaris-

48 1452 186 1491 simas
220 1452 536 1502 difficultates,
561 1459 606 1492 te
630 1454 830 1506 propitio
857 1459 985 1494 tanto
1004 1455 1170 1508 magis,
1201 1461 1369 1508 quanto

47 1507 195 1547 minus
225 1508 407 1548 sinebas
442 1507 549 1547 mihi
586 1508 872 1559 dulcescere,
908 1511 1029 1563 quod
1063 1523 1152 1550 non
1177 1523 1278 1551 eras
1306 1517 1367 1552 tu.

50 1562 164 1602 Vide
185 1575 264 1602 cor
281 1576 450 1613 meum,
477 1564 694 1614 Domine,
722 1565 799 1617 qui
817 1565 1024 1614 voluisti,
1047 1571 1095 1605 ut
1113 1564 1200 1606 hoc
1217 1578 1369 1606 recor-

49 1618 201 1667 darer,
229 1624 275 1659 et
294 1620 538 1659 confiterer
555 1620 653 1660 tibi.
714 1620 844 1660 Nunc
863 1620 946 1660 tibi
964 1620 1203 1661 inhaereat
1222 1623 1369 1662 anima

47 1686 162 1723 mea,
179 1686 312 1726 quam
325 1675 379 1714 de
400 1676 525 1715 visco
546 1680 636 1715 tam
654 1676 807 1715 tenaci
824 1676 986 1715 mortis
1006 1677 1188 1716 exuisti.
1224 1677 1367 1725 Quam

47 1729 215 1769 misera
253 1736 371 1779 erat,
411 1735 457 1770 et
494 1743 676 1770 sensum
714 1731 915 1771 vulneris
948 1736 998 1771 tu
1028 1732 1283 1786 pungebas,
1319 1740 1370 1775 ut

46 1785 222 1825 relictis
253 1786 461 1826 omnibus
494 1792 839 1826 converteretur
871 1786 928 1826 ad
950 1792 1017 1837 te,
1050 1788 1127 1840 qui
1159 1800 1207 1828 es
1231 1802 1368 1842 super

48 1841 217 1889 omnia,
230 1846 276 1880 et
287 1842 385 1881 sine
405 1854 492 1895 quo
512 1842 637 1881 nulla
655 1847 811 1882 essent
829 1843 993 1892 onmia,
1007 1849 1364 1895 converteretur,

47 1901 94 1936 et
104 1896 359 1937 sanaretur!
382 1897 525 1945 Quam
538 1909 647 1950 ergo
660 1898 947 1948 misereram,
961 1904 1006 1939 et
1024 1900 1252 1952 quomodo
1273 1901 1365 1954 egi-

46 1951 126 2001 sti,
146 1957 197 1991 ut
214 1953 430 1992 sentirem
446 1953 675 1993 miseriam
693 1966 838 1992 meam
860 1954 932 1993 die
950 1955 1047 2005 illo,
1068 1968 1155 2009 quo
1177 1968 1275 1995 cum
1294 1968 1368 2009 pa-

45 2018 193 2046 rarem
211 2008 406 2047 recitare
436 2009 706 2062 Imperatori
735 2007 1080 2061 [Valentiniano
1103 2011 1156 2050 11.
1181 2009 1237 2050 cf.
1260 2024 1364 2051 con-

45 2069 119 2102 tra
141 2062 354 2103 Petilian.
387 2064 426 2114 3,
453 2064 520 2104 25.
548 2069 593 2104 et
615 2064 796 2104 Possid.
819 2077 854 2104 c.
877 2064 936 2118 L]
995 2066 1174 2115 laudes,
1201 2067 1364 2119 quibus

46 2119 179 2171 plura
194 2120 432 2170 mentirer,
455 2125 500 2159 et
518 2120 757 2159 mentienti
775 2119 1006 2160 faveretur
1024 2121 1077 2160 ab
1098 2122 1361 2172 scientibus,

50 2186 217 2227 easque
253 2184 382 2216 curas
416 2174 652 2216 anhelaret
684 2187 763 2216 cor
793 2188 942 2216 meum
965 2182 1011 2218 et
1034 2178 1361 2231 cogitationum
