1514 2438
318 153 850 198 CONFESSIONUM
880 156 1086 199 LIBER
1115 158 1199 199 IX.
1348 162 1423 200 145

97 243 208 281 teris
238 238 477 280 horrendis
508 245 553 280 et
580 240 785 282 funereis
813 242 860 282 in
890 256 1009 297 aqua
1027 249 1186 284 sancta
1201 244 1424 298 ignovisti

101 303 146 337 et
163 297 382 337 remisisti
399 294 537 336 mihi?

183 353 230 393 C.
255 352 329 392 ΠΙ.
388 352 712 393 Macerabatur
734 355 1028 396 anxietudine
1048 355 1347 398 Verecundus
1369 359 1423 398 de

97 411 188 449 isto
214 413 373 448 nostro
397 409 541 458 bono,
576 410 698 462 quod
722 416 911 463 propter
928 412 1110 453 rinc-ula
1134 426 1235 463 sua,
1261 415 1424 467 quibus

96 466 388 506 tenacissime
406 466 669 514 tenebatur,
690 466 842 507 deseri
860 479 908 507 se
928 473 1088 507 nostro
1109 472 1344 511 consortio
1363 473 1425 511 vi-

100 522 256 570 debat,
290 521 490 561 nondum
522 519 807 562 Christianus
843 524 1038 578 coniuge
1072 525 1218 577 fideli3
1252 538 1306 566 ea
1326 528 1428 580 ipsa

98 583 249 617 tamen
286 578 486 617 arctiore
520 589 628 630 prae
664 580 860 619 caeteris
903 581 1121 633 compede
1151 582 1207 622 ab
1241 583 1425 633 itinere,

101 634 222 686 quod
244 633 454 687 adgressi
473 645 671 684 eramuS,
697 635 1031 677 retardabatur.
1092 636 1188 679 Nec
1208 637 1426 679 Christia-

99 703 206 729 num
230 701 333 730 esse
353 690 444 730 alio
464 690 600 730 modo
620 702 669 730 se
687 691 806 732 velle
827 693 1028 743 dicebat,
1054 706 1187 747 quam
1203 695 1307 744 illo,
1335 708 1423 749 quo

98 757 190 785 non
213 751 409 800 poterat.
468 746 676 800 Benigne
696 760 804 788 sane
832 749 1018 799 obtulit,
1042 755 1092 790 ut
1114 763 1246 803 quam
1267 752 1344 792 diu
1361 753 1427 792 ibi

102 814 327 852 essemus,
360 804 407 842 in
431 814 538 842 rure
561 800 654 856 [re]
691 805 788 844 eius
815 817 1033 846 essemus.
1070 806 1315 847 Retribues
1340 808 1424 857 illi,

98 857 316 908 Domine,
343 858 389 897 in
411 860 753 900 resurrectione
771 862 1019 912 iustorum,
1045 864 1151 916 quia
1173 863 1261 902 iam
1280 866 1428 917 ipsam

99 919 272 954 sortem
293 915 552 955 retribuisti
571 916 627 955 ei.
691 915 906 965 Quamvis
926 919 1045 959 enim
1062 919 1329 960 absentibus
1348 932 1427 959 no-

97 971 169 1010 bis
194 983 295 1010 cum
317 970 488 1010 Romae
512 973 603 1011 iam
627 983 855 1023 essemus,
880 975 1111 1028 corporali
1135 976 1426 1029 aegritudine

100 1031 360 1080 correptus,
396 1032 441 1066 et
457 1029 504 1067 in
534 1039 588 1067 ea
612 1026 898 1069 Christianus
925 1036 970 1070 et
992 1031 1143 1072 fidelis
1168 1031 1340 1082 factus,
1371 1045 1429 1072 ex

99 1080 184 1122 hac
212 1083 306 1122 vita
331 1085 590 1136 emigravit:
625 1084 691 1124 ita
711 1086 926 1126 misertus
952 1099 1000 1127 es
1024 1099 1115 1127 non
1139 1088 1288 1128 solum
1312 1090 1427 1138 eius,

99 1138 180 1178 sed
214 1141 351 1179 etiam
382 1141 548 1190 nostri,
581 1152 636 1180 ne
667 1143 924 1195 cogitantes
951 1145 1185 1198 egregiam
1209 1156 1321 1199 erga
1343 1158 1427 1184 nos

99 1196 233 1235 amici
256 1193 602 1246 humanitatem,
627 1208 712 1237 nec
738 1209 840 1238 eum
861 1200 908 1238 in
932 1212 1074 1253 grege
1092 1205 1172 1240 tuo
1191 1213 1427 1241 numeran-

97 1256 190 1301 tes,
227 1251 387 1292 dolore
421 1252 706 1294 intolerabili
733 1255 1054 1296 cruciaremur.
1117 1256 1299 1297 Gratias
1325 1257 1426 1307 tibi,

97 1305 224 1347 Deus
243 1313 419 1348 noster:
449 1311 517 1349 tui
536 1322 710 1361 sumus,
728 1310 932 1351 indicant
950 1310 1237 1352 hortationes
1258 1317 1303 1353 et
1322 1326 1427 1353 con-

99 1363 352 1404 solationes
365 1370 487 1414 tuae,
498 1365 648 1406 fidelis
661 1366 928 1418 promissor.
960 1368 1142 1408 Reddes
1152 1367 1426 1409 Verecundo

97 1431 179 1472 pro
197 1431 304 1459 rure
321 1420 404 1459 illo
425 1422 522 1460 eius
543 1421 827 1472 Cassiciaco‚
848 1423 925 1463 ubi
943 1424 998 1464 ab
1018 1429 1149 1464 aestu
1167 1424 1341 1465 saeculi
1358 1437 1427 1464 re-

100 1476 353 1527 quievimus
386 1478 432 1515 in
466 1481 533 1525 te,
570 1479 895 1519 amoenitatem
927 1480 1202 1533 sempiterne
1234 1482 1425 1521 virentis

100 1531 301 1584 paradisi
323 1533 413 1581 tui,
439 1533 654 1585 quoniam
678 1533 897 1574 dimisisti
915 1537 958 1575 ei
975 1541 1165 1588 peccata
1184 1547 1320 1590 super
1338 1541 1426 1576 ter-

98 1599 215 1636 ram,
248 1588 295 1626 in
313 1593 467 1628 monte
491 1589 751 1640 incaseato,
783 1595 938 1630 monte
962 1597 1064 1642 tuo,
1097 1598 1254 1632 mon-te
1278 1594 1424 1634 uberi.

98 1643 363 1697 Augebatur
382 1656 493 1698 ergo
511 1650 621 1685 tunc
637 1647 753 1699 ipse,
770 1644 1018 1688 Nebridius
1036 1654 1189 1688 autem
1208 1649 1424 1690 collaeta-

95 1700 244 1739 batur.
305 1699 519 1748 Quamvis
539 1702 660 1742 enim
677 1707 724 1742 et
739 1703 838 1755 ipse
858 1705 1058 1745 nondum
1079 1703 1362 1746 Christianus
1380 1707 1427 1746 in

96 1755 220 1795 illam
251 1754 432 1796 foveam
466 1758 850 1809 perniciosissimi
884 1762 1055 1801 erroris
1091 1761 1340 1812 inciderat,
1376 1767 1427 1802 ut

97 1812 305 1851 veritatis
331 1812 415 1853 filii
438 1813 506 1853 tui
532 1826 714 1854 carnem
731 1813 1000 1868 phantasma
1017 1817 1248 1868 crederet,
1272 1823 1426 1858 tamen

97 1866 204 1907 inde
232 1879 469 1922 emergens
497 1871 562 1909 sic
587 1870 676 1911 sibi
700 1876 818 1921 erat,
842 1873 1044 1913 nondum
1065 1874 1172 1914 ullis
1197 1874 1423 1915 ecclesiae

97 1928 205 1962 tuae
230 1926 527 1965 sacramentis
543 1927 743 1967 imbutus
756 1958 766 1976 ‚
793 1928 874 1968 sed
891 1930 1139 1984 inquisitor
1156 1931 1423 1971 ardentissi-

97 1992 195 2018 mus
219 1980 443 2020 veritatis.
507 1981 652 2029 Quem
672 1995 764 2023 non
787 1985 931 2025 multo
949 1992 1056 2040 post
1075 1987 1423 2027 conversionem

97 2040 304 2075 nostram
344 2042 389 2076 et
427 2039 831 2090 regenerationem
861 2053 943 2094 per
974 2042 1251 2096 baptismum
1280 2047 1425 2091 tuum,

98 2092 247 2143 ipsum
285 2093 422 2132 etiam
456 2092 639 2135 fidelem
671 2093 948 2138 catholicum
980 2100 1192 2139 castitate
1218 2096 1426 2152 perfecta

101 2151 236 2200 atque
253 2150 536 2188 continentia
548 2150 633 2190 tibi
646 2152 921 2192 servientem
934 2154 981 2193 in
996 2154 1149 2195 Africa
1163 2154 1281 2207 apud
1299 2165 1423 2203 suos,

102 2215 204 2242 cum
224 2208 326 2244 tota
349 2204 509 2245 domus
534 2207 631 2246 eius
654 2218 735 2260 par
753 2219 855 2248 eum
869 2208 1128 2250 Christiana
1145 2209 1268 2248 facta
1286 2214 1424 2258 esset,

103 2270 238 2299 carne
272 2260 473 2311 solvisti3
508 2266 554 2302 et
585 2275 704 2304 nunc
735 2263 816 2304 ille
851 2266 963 2306 vivit
989 2267 1038 2306 in
1060 2267 1162 2306 sinu
1183 2263 1423 2306 Abraham.

157 2322 372 2357 Ancus-r.
404 2323 647 2360 CONFESS.
1044 2321 1085 2361 K
