<?xml version="1.0" encoding="UTF-8"?>
<!DOCTYPE html PUBLIC "-//W3C//DTD XHTML 1.0 Transitional//EN"
    "http://www.w3.org/TR/xhtml1/DTD/xhtml1-transitional.dtd">
<html xmlns="http://www.w3.org/1999/xhtml" xml:lang="en" lang="en">
 <head>
  <title>
</title>
<meta http-equiv="Content-Type" content="text/html;charset=utf-8" />
  <meta name='ocr-system' content='tesseract 3.04.00' />
  <meta name='ocr-capabilities' content='ocr_page ocr_carea ocr_par ocr_line ocrx_word'/>
</head>
<body>
  <div class='ocr_page' id='page_1' title='image "./saureliiaugustin00augu_0201.png"; bbox 0 0 1514 2438; ppageno 0'>
   <div class='ocr_carea' id='block_1_1' title="bbox 283 96 1371 143">
    <p class='ocr_par' dir='ltr' id='par_1_1' title="bbox 283 96 1371 143">
     <span class='ocr_line' id='line_1_1' title="bbox 283 96 1371 143; baseline -0.006 0"><span class='ocrx_word' id='word_1_1' title='bbox 283 98 828 143; x_wconf 86' lang='lat' dir='ltr'>CONFESSIONUM</span> <span class='ocrx_word' id='word_1_2' title='bbox 857 97 1062 139; x_wconf 86' lang='lat' dir='ltr'>LIBER</span> <span class='ocrx_word' id='word_1_3' title='bbox 1091 97 1147 138; x_wconf 90' lang='lat' dir='ltr'>X.</span> <span class='ocrx_word' id='word_1_4' title='bbox 1296 96 1371 137; x_wconf 74' lang='lat'>175</span> 
     </span>
    </p>
   </div>
   <div class='ocr_carea' id='block_1_2' title="bbox 54 181 1388 2258">
    <p class='ocr_par' dir='ltr' id='par_1_2' title="bbox 54 181 1376 407">
     <span class='ocr_line' id='line_1_2' title="bbox 54 181 1374 243; baseline -0.006 -15"><span class='ocrx_word' id='word_1_5' title='bbox 54 188 242 243; x_wconf 80' lang='lat' dir='ltr'>agnovi,</span> <span class='ocrx_word' id='word_1_6' title='bbox 277 191 323 227; x_wconf 87' lang='lat' dir='ltr'>et</span> <span class='ocrx_word' id='word_1_7' title='bbox 355 186 468 227; x_wconf 88' lang='lat' dir='ltr'>dixi:</span> <span class='ocrx_word' id='word_1_8' title='bbox 500 187 567 226; x_wconf 85' lang='lat' dir='ltr'>ita</span> <span class='ocrx_word' id='word_1_9' title='bbox 597 190 681 235; x_wconf 90' lang='lat' dir='ltr'>est,</span> <span class='ocrx_word' id='word_1_10' title='bbox 714 197 870 225; x_wconf 81' lang='lat' dir='ltr'>verum</span> <span class='ocrx_word' id='word_1_11' title='bbox 904 187 993 233; x_wconf 85' lang='lat' dir='ltr'>est3</span> <span class='ocrx_word' id='word_1_12' title='bbox 1026 182 1114 222; x_wconf 91' lang='lat' dir='ltr'>nisi</span> <span class='ocrx_word' id='word_1_13' title='bbox 1148 182 1254 236; x_wconf 90' lang='lat' dir='ltr'>quia</span> <span class='ocrx_word' id='word_1_14' title='bbox 1284 181 1374 222; x_wconf 90' lang='lat' dir='ltr'>iam</span> 
     </span>
     <span class='ocr_line' id='line_1_3' title="bbox 56 238 1376 291; baseline -0.006 -7"><span class='ocrx_word' id='word_1_15' title='bbox 56 250 184 285; x_wconf 90' lang='lat' dir='ltr'>erant</span> <span class='ocrx_word' id='word_1_16' title='bbox 205 247 250 285; x_wconf 91' lang='lat' dir='ltr'>in</span> <span class='ocrx_word' id='word_1_17' title='bbox 276 242 518 291; x_wconf 84' lang='lat' dir='ltr'>memoria,</span> <span class='ocrx_word' id='word_1_18' title='bbox 543 243 625 282; x_wconf 86' lang='lat' dir='ltr'>sed</span> <span class='ocrx_word' id='word_1_19' title='bbox 648 247 740 281; x_wconf 85' lang='lat' dir='ltr'>tam</span> <span class='ocrx_word' id='word_1_20' title='bbox 758 245 935 281; x_wconf 84' lang='lat' dir='ltr'>remota</span> <span class='ocrx_word' id='word_1_21' title='bbox 954 244 1000 279; x_wconf 88' lang='lat' dir='ltr'>et</span> <span class='ocrx_word' id='word_1_22' title='bbox 1015 244 1217 288; x_wconf 89' lang='lat' dir='ltr'>retrusa,</span> <span class='ocrx_word' id='word_1_23' title='bbox 1244 238 1376 291; x_wconf 91' lang='lat' dir='ltr'>quasi</span> 
     </span>
     <span class='ocr_line' id='line_1_4' title="bbox 54 295 1376 348; baseline -0.006 -7"><span class='ocrx_word' id='word_1_24' title='bbox 54 302 100 341; x_wconf 90' lang='lat' dir='ltr'>in</span> <span class='ocrx_word' id='word_1_25' title='bbox 114 302 264 341; x_wconf 79' lang='lat' dir='ltr'>caveis</span> <span class='ocrx_word' id='word_1_26' title='bbox 278 298 596 347; x_wconf 82' lang='lat' dir='ltr'>abditioribus,</span> <span class='ocrx_word' id='word_1_27' title='bbox 609 302 659 337; x_wconf 91' lang='lat' dir='ltr'>ut</span> <span class='ocrx_word' id='word_1_28' title='bbox 675 298 764 337; x_wconf 85' lang='lat' dir='ltr'>nisi</span> <span class='ocrx_word' id='word_1_29' title='bbox 782 297 1053 336; x_wconf 83' lang='lat' dir='ltr'>admonente</span> <span class='ocrx_word' id='word_1_30' title='bbox 1073 295 1227 348; x_wconf 89' lang='lat' dir='ltr'>aliquo</span> <span class='ocrx_word' id='word_1_31' title='bbox 1248 305 1376 334; x_wconf 86' lang='lat' dir='ltr'>erue·</span> 
     </span>
     <span class='ocr_line' id='line_1_5' title="bbox 56 350 1078 407; baseline -0.007 -10"><span class='ocrx_word' id='word_1_32' title='bbox 56 362 228 406; x_wconf 87' lang='lat' dir='ltr'>rentur,</span> <span class='ocrx_word' id='word_1_33' title='bbox 249 367 303 395; x_wconf 87' lang='lat' dir='ltr'>ea</span> <span class='ocrx_word' id='word_1_34' title='bbox 319 354 517 396; x_wconf 85' lang='lat' dir='ltr'>fortasse</span> <span class='ocrx_word' id='word_1_35' title='bbox 538 354 744 407; x_wconf 87' lang='lat' dir='ltr'>cogitare</span> <span class='ocrx_word' id='word_1_36' title='bbox 764 365 855 393; x_wconf 92' lang='lat' dir='ltr'>non</span> <span class='ocrx_word' id='word_1_37' title='bbox 871 350 1078 406; x_wconf 65' lang='lat' dir='ltr'>possemit</span> 
     </span>
    </p>

    <p class='ocr_par' dir='ltr' id='par_1_3' title="bbox 55 405 1387 1631">
     <span class='ocr_line' id='line_1_6' title="bbox 141 405 1377 459; baseline -0.006 -8"><span class='ocrx_word' id='word_1_38' title='bbox 141 413 188 453; x_wconf 91' lang='lat' dir='ltr'>C.</span> <span class='ocrx_word' id='word_1_39' title='bbox 214 411 292 452; x_wconf 85' lang='lat' dir='ltr'>XI.</span> <span class='ocrx_word' id='word_1_40' title='bbox 352 410 580 459; x_wconf 79' lang='lat' dir='ltr'>Quocirca</span> <span class='ocrx_word' id='word_1_41' title='bbox 601 410 876 459; x_wconf 81' lang='lat' dir='ltr'>invenimus,</span> <span class='ocrx_word' id='word_1_42' title='bbox 903 406 1018 447; x_wconf 89' lang='lat' dir='ltr'>nihil</span> <span class='ocrx_word' id='word_1_43' title='bbox 1039 418 1140 447; x_wconf 91' lang='lat' dir='ltr'>esse</span> <span class='ocrx_word' id='word_1_44' title='bbox 1165 405 1289 446; x_wconf 88' lang='lat' dir='ltr'>aliud</span> <span class='ocrx_word' id='word_1_45' title='bbox 1315 405 1377 444; x_wconf 90' lang='lat' dir='ltr'>di-</span> 
     </span>
     <span class='ocr_line' id='line_1_7' title="bbox 56 462 1379 520; baseline -0.006 -11"><span class='ocrx_word' id='word_1_46' title='bbox 56 480 184 509; x_wconf 83' lang='lat' dir='ltr'><strong>scere</strong></span> <span class='ocrx_word' id='word_1_47' title='bbox 204 469 314 517; x_wconf 86' lang='lat' dir='ltr'>ista‚</span> <span class='ocrx_word' id='word_1_48' title='bbox 342 479 533 520; x_wconf 91' lang='lat' dir='ltr'>quorum</span> <span class='ocrx_word' id='word_1_49' title='bbox 555 478 645 505; x_wconf 93' lang='lat' dir='ltr'>non</span> <span class='ocrx_word' id='word_1_50' title='bbox 668 478 750 518; x_wconf 90' lang='lat' dir='ltr'>per</span> <span class='ocrx_word' id='word_1_51' title='bbox 779 477 939 506; x_wconf 89' lang='lat' dir='ltr'>sensus</span> <span class='ocrx_word' id='word_1_52' title='bbox 965 462 1195 503; x_wconf 86' lang='lat' dir='ltr'>haurimus</span> <span class='ocrx_word' id='word_1_53' title='bbox 1220 463 1379 515; x_wconf 87' lang='lat' dir='ltr'>imagi-</span> 
     </span>
     <span class='ocr_line' id='line_1_8' title="bbox 56 518 1380 575; baseline -0.006 -11"><span class='ocrx_word' id='word_1_54' title='bbox 56 537 160 573; x_wconf 85' lang='lat' dir='ltr'><strong>nes,</strong></span> <span class='ocrx_word' id='word_1_55' title='bbox 184 523 265 564; x_wconf 90' lang='lat' dir='ltr'>sed</span> <span class='ocrx_word' id='word_1_56' title='bbox 287 524 384 563; x_wconf 88' lang='lat' dir='ltr'>sine</span> <span class='ocrx_word' id='word_1_57' title='bbox 404 523 702 575; x_wconf 87' lang='lat' dir='ltr'>imaginibus,</span> <span class='ocrx_word' id='word_1_58' title='bbox 729 522 864 562; x_wconf 90' lang='lat' dir='ltr'>sicuti</span> <span class='ocrx_word' id='word_1_59' title='bbox 883 525 1008 569; x_wconf 90' lang='lat' dir='ltr'>sunt,</span> <span class='ocrx_word' id='word_1_60' title='bbox 1035 531 1115 573; x_wconf 89' lang='lat' dir='ltr'>per</span> <span class='ocrx_word' id='word_1_61' title='bbox 1133 531 1182 559; x_wconf 93' lang='lat' dir='ltr'>se</span> <span class='ocrx_word' id='word_1_62' title='bbox 1198 520 1299 572; x_wconf 89' lang='lat' dir='ltr'>ipsa</span> <span class='ocrx_word' id='word_1_63' title='bbox 1315 518 1380 557; x_wconf 89' lang='lat' dir='ltr'>in·</span> 
     </span>
     <span class='ocr_line' id='line_1_9' title="bbox 57 574 1380 632; baseline -0.006 -11"><span class='ocrx_word' id='word_1_64' title='bbox 57 587 131 622; x_wconf 87' lang='lat' dir='ltr'>tus</span> <span class='ocrx_word' id='word_1_65' title='bbox 151 580 396 629; x_wconf 84' lang='lat' dir='ltr'>cernimus3</span> <span class='ocrx_word' id='word_1_66' title='bbox 429 579 518 618; x_wconf 91' lang='lat' dir='ltr'>nisi</span> <span class='ocrx_word' id='word_1_67' title='bbox 537 590 610 628; x_wconf 88' lang='lat' dir='ltr'>ea,</span> <span class='ocrx_word' id='word_1_68' title='bbox 631 590 745 632; x_wconf 91' lang='lat' dir='ltr'>quae</span> <span class='ocrx_word' id='word_1_69' title='bbox 764 577 935 631; x_wconf 85' lang='lat' dir='ltr'>passim</span> <span class='ocrx_word' id='word_1_70' title='bbox 953 581 1086 629; x_wconf 87' lang='lat' dir='ltr'>atque</span> <span class='ocrx_word' id='word_1_71' title='bbox 1105 574 1380 627; x_wconf 85' lang='lat' dir='ltr'>indisposite</span> 
     </span>
     <span class='ocr_line' id='line_1_10' title="bbox 59 631 1381 688; baseline -0.006 -11"><span class='ocrx_word' id='word_1_72' title='bbox 59 636 279 677; x_wconf 88' lang='lat' dir='ltr'>memoria</span> <span class='ocrx_word' id='word_1_73' title='bbox 303 635 587 684; x_wconf 87' lang='lat' dir='ltr'>continebat,</span> <span class='ocrx_word' id='word_1_74' title='bbox 619 633 868 688; x_wconf 85' lang='lat' dir='ltr'>cogitando</span> <span class='ocrx_word' id='word_1_75' title='bbox 894 633 1024 687; x_wconf 86' lang='lat' dir='ltr'>quasi</span> <span class='ocrx_word' id='word_1_76' title='bbox 1048 631 1290 684; x_wconf 81' lang='lat' dir='ltr'>colligere,</span> <span class='ocrx_word' id='word_1_77' title='bbox 1317 635 1381 669; x_wconf 92' lang='lat' dir='ltr'>at-</span> 
     </span>
     <span class='ocr_line' id='line_1_11' title="bbox 61 687 1382 746; baseline -0.007 -13"><span class='ocrx_word' id='word_1_78' title='bbox 61 705 146 746; x_wconf 92' lang='lat' dir='ltr'>que</span> <span class='ocrx_word' id='word_1_79' title='bbox 173 690 574 732; x_wconf 77' lang='lat' dir='ltr'>animadvertendo</span> <span class='ocrx_word' id='word_1_80' title='bbox 601 703 761 730; x_wconf 85' lang='lat' dir='ltr'>curare</span> <span class='ocrx_word' id='word_1_81' title='bbox 775 720 785 740; x_wconf 95' lang='lat'>,</span> <span class='ocrx_word' id='word_1_82' title='bbox 814 695 865 730; x_wconf 91' lang='lat' dir='ltr'>ut</span> <span class='ocrx_word' id='word_1_83' title='bbox 883 694 1110 742; x_wconf 80' lang='lat' dir='ltr'>tamquam</span> <span class='ocrx_word' id='word_1_84' title='bbox 1129 687 1186 726; x_wconf 89' lang='lat' dir='ltr'>ad</span> <span class='ocrx_word' id='word_1_85' title='bbox 1202 698 1382 726; x_wconf 89' lang='lat' dir='ltr'>manum</span> 
     </span>
     <span class='ocr_line' id='line_1_12' title="bbox 58 742 1384 803; baseline -0.005 -15"><span class='ocrx_word' id='word_1_86' title='bbox 58 748 211 803; x_wconf 89' lang='lat' dir='ltr'>posita</span> <span class='ocrx_word' id='word_1_87' title='bbox 232 748 280 788; x_wconf 91' lang='lat' dir='ltr'>in</span> <span class='ocrx_word' id='word_1_88' title='bbox 301 749 402 801; x_wconf 89' lang='lat' dir='ltr'>ipsa</span> <span class='ocrx_word' id='word_1_89' title='bbox 424 747 666 796; x_wconf 89' lang='lat' dir='ltr'>memoria,</span> <span class='ocrx_word' id='word_1_90' title='bbox 691 747 769 787; x_wconf 91' lang='lat' dir='ltr'>ubi</span> <span class='ocrx_word' id='word_1_91' title='bbox 788 758 946 801; x_wconf 89' lang='lat' dir='ltr'>sparsa</span> <span class='ocrx_word' id='word_1_92' title='bbox 963 745 1088 798; x_wconf 88' lang='lat' dir='ltr'>prius</span> <span class='ocrx_word' id='word_1_93' title='bbox 1108 748 1152 784; x_wconf 90' lang='lat' dir='ltr'>et</span> <span class='ocrx_word' id='word_1_94' title='bbox 1170 742 1384 796; x_wconf 87' lang='lat' dir='ltr'>neglecta</span> 
     </span>
     <span class='ocr_line' id='line_1_13' title="bbox 58 800 1382 854; baseline -0.006 -9"><span class='ocrx_word' id='word_1_95' title='bbox 58 804 322 854; x_wconf 81' lang='lat' dir='ltr'>latitabant,</span> <span class='ocrx_word' id='word_1_96' title='bbox 347 804 436 843; x_wconf 88' lang='lat' dir='ltr'>iam</span> <span class='ocrx_word' id='word_1_97' title='bbox 460 802 678 843; x_wconf 84' lang='lat' dir='ltr'>familiari</span> <span class='ocrx_word' id='word_1_98' title='bbox 700 801 944 843; x_wconf 88' lang='lat' dir='ltr'>intentioni</span> <span class='ocrx_word' id='word_1_99' title='bbox 967 800 1104 841; x_wconf 84' lang='lat' dir='ltr'>facile</span> <span class='ocrx_word' id='word_1_100' title='bbox 1127 803 1382 839; x_wconf 88' lang='lat' dir='ltr'>occurrant.</span> 
     </span>
     <span class='ocr_line' id='line_1_14' title="bbox 57 857 1382 914; baseline -0.006 -13"><span class='ocrx_word' id='word_1_101' title='bbox 57 862 117 901; x_wconf 90' lang='lat' dir='ltr'>Et</span> <span class='ocrx_word' id='word_1_102' title='bbox 137 873 268 914; x_wconf 87' lang='lat' dir='ltr'>quam</span> <span class='ocrx_word' id='word_1_103' title='bbox 284 859 426 900; x_wconf 87' lang='lat' dir='ltr'>multa</span> <span class='ocrx_word' id='word_1_104' title='bbox 442 857 703 899; x_wconf 88' lang='lat' dir='ltr'>huiusmodi</span> <span class='ocrx_word' id='word_1_105' title='bbox 722 863 874 912; x_wconf 86' lang='lat' dir='ltr'>gestat</span> <span class='ocrx_word' id='word_1_106' title='bbox 890 858 1110 898; x_wconf 86' lang='lat' dir='ltr'>memoria</span> <span class='ocrx_word' id='word_1_107' title='bbox 1128 867 1246 905; x_wconf 88' lang='lat' dir='ltr'>mea,</span> <span class='ocrx_word' id='word_1_108' title='bbox 1267 866 1382 908; x_wconf 86' lang='lat' dir='ltr'>quae</span> 
     </span>
     <span class='ocr_line' id='line_1_15' title="bbox 57 912 1382 969; baseline -0.005 -12"><span class='ocrx_word' id='word_1_109' title='bbox 57 918 147 957; x_wconf 89' lang='lat' dir='ltr'>iam</span> <span class='ocrx_word' id='word_1_110' title='bbox 163 918 349 957; x_wconf 76' lang='lat' dir='ltr'>inventa</span> <span class='ocrx_word' id='word_1_111' title='bbox 366 920 489 965; x_wconf 90' lang='lat' dir='ltr'>sunt,</span> <span class='ocrx_word' id='word_1_112' title='bbox 518 915 638 956; x_wconf 87' lang='lat' dir='ltr'>sicut</span> <span class='ocrx_word' id='word_1_113' title='bbox 656 915 770 964; x_wconf 86' lang='lat' dir='ltr'>dixi,</span> <span class='ocrx_word' id='word_1_114' title='bbox 797 914 927 969; x_wconf 88' lang='lat' dir='ltr'>quasi</span> <span class='ocrx_word' id='word_1_115' title='bbox 946 913 1002 953; x_wconf 89' lang='lat' dir='ltr'>ad</span> <span class='ocrx_word' id='word_1_116' title='bbox 1019 925 1198 952; x_wconf 91' lang='lat' dir='ltr'>manum</span> <span class='ocrx_word' id='word_1_117' title='bbox 1215 912 1382 964; x_wconf 89' lang='lat' dir='ltr'>posita,</span> 
     </span>
     <span class='ocr_line' id='line_1_16' title="bbox 60 967 1382 1027; baseline -0.005 -15"><span class='ocrx_word' id='word_1_118' title='bbox 60 984 174 1027; x_wconf 91' lang='lat' dir='ltr'>quae</span> <span class='ocrx_word' id='word_1_119' title='bbox 208 972 424 1012; x_wconf 82' lang='lat' dir='ltr'>didicisse</span> <span class='ocrx_word' id='word_1_120' title='bbox 460 976 505 1011; x_wconf 90' lang='lat' dir='ltr'>et</span> <span class='ocrx_word' id='word_1_121' title='bbox 535 983 671 1011; x_wconf 90' lang='lat' dir='ltr'>nosse</span> <span class='ocrx_word' id='word_1_122' title='bbox 699 969 909 1011; x_wconf 84' lang='lat' dir='ltr'>dicimur!</span> <span class='ocrx_word' id='word_1_123' title='bbox 944 969 1071 1018; x_wconf 80' lang='lat' dir='ltr'>Quae</span> <span class='ocrx_word' id='word_1_124' title='bbox 1098 969 1137 1008; x_wconf 91' lang='lat' dir='ltr'>si</span> <span class='ocrx_word' id='word_1_125' title='bbox 1160 967 1382 1008; x_wconf 89' lang='lat' dir='ltr'>modestis</span> 
     </span>
     <span class='ocr_line' id='line_1_17' title="bbox 56 1024 1382 1082; baseline -0.005 -13"><span class='ocrx_word' id='word_1_126' title='bbox 56 1035 315 1082; x_wconf 89' lang='lat' dir='ltr'>temporum</span> <span class='ocrx_word' id='word_1_127' title='bbox 348 1027 604 1068; x_wconf 81' lang='lat' dir='ltr'>intervallis</span> <span class='ocrx_word' id='word_1_128' title='bbox 637 1028 845 1068; x_wconf 85' lang='lat' dir='ltr'>recolere</span> <span class='ocrx_word' id='word_1_129' title='bbox 871 1026 1104 1074; x_wconf 82' lang='lat' dir='ltr'>desivero,</span> <span class='ocrx_word' id='word_1_130' title='bbox 1138 1024 1203 1064; x_wconf 88' lang='lat' dir='ltr'>ita</span> <span class='ocrx_word' id='word_1_131' title='bbox 1224 1035 1382 1063; x_wconf 89' lang='lat' dir='ltr'>rursus</span> 
     </span>
     <span class='ocr_line' id='line_1_18' title="bbox 58 1079 1383 1138; baseline -0.005 -14"><span class='ocrx_word' id='word_1_132' title='bbox 58 1085 406 1138; x_wconf 86' lang='lat' dir='ltr'>demerguntur,</span> <span class='ocrx_word' id='word_1_133' title='bbox 432 1089 478 1124; x_wconf 89' lang='lat' dir='ltr'>et</span> <span class='ocrx_word' id='word_1_134' title='bbox 504 1085 634 1137; x_wconf 89' lang='lat' dir='ltr'>quasi</span> <span class='ocrx_word' id='word_1_135' title='bbox 658 1084 705 1123; x_wconf 91' lang='lat' dir='ltr'>in</span> <span class='ocrx_word' id='word_1_136' title='bbox 727 1083 980 1123; x_wconf 85' lang='lat' dir='ltr'>remotiora</span> <span class='ocrx_word' id='word_1_137' title='bbox 996 1080 1252 1135; x_wconf 86' lang='lat' dir='ltr'>penetralia</span> <span class='ocrx_word' id='word_1_138' title='bbox 1273 1079 1383 1120; x_wconf 90' lang='lat' dir='ltr'>dila-</span> 
     </span>
     <span class='ocr_line' id='line_1_19' title="bbox 55 1134 1384 1192; baseline -0.006 -10"><span class='ocrx_word' id='word_1_139' title='bbox 55 1140 247 1189; x_wconf 88' lang='lat' dir='ltr'>buntur,</span> <span class='ocrx_word' id='word_1_140' title='bbox 280 1144 332 1179; x_wconf 90' lang='lat' dir='ltr'>ut</span> <span class='ocrx_word' id='word_1_141' title='bbox 363 1139 510 1180; x_wconf 88' lang='lat' dir='ltr'>denuo</span> <span class='ocrx_word' id='word_1_142' title='bbox 536 1140 662 1180; x_wconf 81' lang='lat' dir='ltr'>velut</span> <span class='ocrx_word' id='word_1_143' title='bbox 683 1151 803 1180; x_wconf 81' lang='lat' dir='ltr'>nova</span> <span class='ocrx_word' id='word_1_144' title='bbox 825 1137 1132 1192; x_wconf 84' lang='lat' dir='ltr'>excogitanda</span> <span class='ocrx_word' id='word_1_145' title='bbox 1155 1136 1248 1176; x_wconf 90' lang='lat' dir='ltr'>sint</span> <span class='ocrx_word' id='word_1_146' title='bbox 1269 1134 1384 1175; x_wconf 91' lang='lat' dir='ltr'>indi-</span> 
     </span>
     <span class='ocr_line' id='line_1_20' title="bbox 59 1195 1386 1250; baseline -0.006 -12"><span class='ocrx_word' id='word_1_147' title='bbox 59 1197 162 1239; x_wconf 90' lang='lat' dir='ltr'>dem</span> <span class='ocrx_word' id='word_1_148' title='bbox 193 1198 358 1237; x_wconf 83' lang='lat' dir='ltr'>iterum</span> <span class='ocrx_word' id='word_1_149' title='bbox 383 1196 550 1250; x_wconf 88' lang='lat' dir='ltr'>(neque</span> <span class='ocrx_word' id='word_1_150' title='bbox 584 1196 705 1236; x_wconf 90' lang='lat' dir='ltr'>enim</span> <span class='ocrx_word' id='word_1_151' title='bbox 738 1201 809 1236; x_wconf 89' lang='lat' dir='ltr'>est</span> <span class='ocrx_word' id='word_1_152' title='bbox 831 1196 922 1235; x_wconf 89' lang='lat' dir='ltr'>alia</span> <span class='ocrx_word' id='word_1_153' title='bbox 943 1195 1074 1248; x_wconf 86' lang='lat' dir='ltr'>regio</span> <span class='ocrx_word' id='word_1_154' title='bbox 1104 1196 1305 1243; x_wconf 91' lang='lat' dir='ltr'>eorum),</span> <span class='ocrx_word' id='word_1_155' title='bbox 1339 1196 1386 1230; x_wconf 88' lang='lat' dir='ltr'>et</span> 
     </span>
     <span class='ocr_line' id='line_1_21' title="bbox 59 1250 1384 1309; baseline -0.008 -13"><span class='ocrx_word' id='word_1_156' title='bbox 59 1253 268 1309; x_wconf 87' lang='lat' dir='ltr'>cogenda</span> <span class='ocrx_word' id='word_1_157' title='bbox 281 1264 460 1302; x_wconf 91' lang='lat' dir='ltr'>rursus,</span> <span class='ocrx_word' id='word_1_158' title='bbox 479 1257 529 1292; x_wconf 88' lang='lat' dir='ltr'>ut</span> <span class='ocrx_word' id='word_1_159' title='bbox 546 1252 655 1292; x_wconf 89' lang='lat' dir='ltr'>sciri</span> <span class='ocrx_word' id='word_1_160' title='bbox 671 1253 872 1305; x_wconf 84' lang='lat' dir='ltr'>possint,</span> <span class='ocrx_word' id='word_1_161' title='bbox 892 1251 939 1291; x_wconf 89' lang='lat' dir='ltr'>id</span> <span class='ocrx_word' id='word_1_162' title='bbox 959 1255 1043 1299; x_wconf 88' lang='lat' dir='ltr'>est,</span> <span class='ocrx_word' id='word_1_163' title='bbox 1061 1250 1187 1289; x_wconf 84' lang='lat' dir='ltr'>velut</span> <span class='ocrx_word' id='word_1_164' title='bbox 1205 1261 1260 1288; x_wconf 87' lang='lat' dir='ltr'>ex</span> <span class='ocrx_word' id='word_1_165' title='bbox 1279 1260 1384 1301; x_wconf 89' lang='lat' dir='ltr'>qua·</span> 
     </span>
     <span class='ocr_line' id='line_1_22' title="bbox 60 1305 1384 1362; baseline -0.006 -11"><span class='ocrx_word' id='word_1_166' title='bbox 60 1311 163 1351; x_wconf 87' lang='lat' dir='ltr'>dam</span> <span class='ocrx_word' id='word_1_167' title='bbox 187 1310 473 1362; x_wconf 86' lang='lat' dir='ltr'>dispersione</span> <span class='ocrx_word' id='word_1_168' title='bbox 501 1308 785 1362; x_wconf 88' lang='lat' dir='ltr'>colligenda,</span> <span class='ocrx_word' id='word_1_169' title='bbox 811 1307 930 1348; x_wconf 91' lang='lat' dir='ltr'>unde</span> <span class='ocrx_word' id='word_1_170' title='bbox 965 1306 1135 1346; x_wconf 89' lang='lat' dir='ltr'>dictum</span> <span class='ocrx_word' id='word_1_171' title='bbox 1153 1308 1224 1344; x_wconf 92' lang='lat' dir='ltr'>est</span> <span class='ocrx_word' id='word_1_172' title='bbox 1242 1305 1384 1356; x_wconf 86' lang='lat' dir='ltr'>cogi-</span> 
     </span>
     <span class='ocr_line' id='line_1_23' title="bbox 57 1359 1385 1418; baseline -0.006 -12"><span class='ocrx_word' id='word_1_173' title='bbox 57 1373 187 1407; x_wconf 82' lang='lat' dir='ltr'>tare.</span> <span class='ocrx_word' id='word_1_174' title='bbox 245 1364 361 1405; x_wconf 82' lang='lat' dir='ltr'>Nam</span> <span class='ocrx_word' id='word_1_175' title='bbox 384 1376 501 1418; x_wconf 86' lang='lat' dir='ltr'>cogo</span> <span class='ocrx_word' id='word_1_176' title='bbox 529 1370 575 1404; x_wconf 91' lang='lat' dir='ltr'>et</span> <span class='ocrx_word' id='word_1_177' title='bbox 597 1366 752 1417; x_wconf 86' lang='lat' dir='ltr'>cogito</span> <span class='ocrx_word' id='word_1_178' title='bbox 781 1365 848 1404; x_wconf 90' lang='lat' dir='ltr'>sic</span> <span class='ocrx_word' id='word_1_179' title='bbox 871 1368 961 1412; x_wconf 86' lang='lat' dir='ltr'>est,</span> <span class='ocrx_word' id='word_1_180' title='bbox 985 1367 1036 1402; x_wconf 92' lang='lat' dir='ltr'>ut</span> <span class='ocrx_word' id='word_1_181' title='bbox 1058 1373 1144 1415; x_wconf 85' lang='lat' dir='ltr'>ago</span> <span class='ocrx_word' id='word_1_182' title='bbox 1172 1365 1218 1400; x_wconf 86' lang='lat' dir='ltr'>et</span> <span class='ocrx_word' id='word_1_183' title='bbox 1240 1359 1385 1413; x_wconf 87' lang='lat' dir='ltr'>agito,</span> 
     </span>
     <span class='ocr_line' id='line_1_24' title="bbox 60 1415 1386 1463; baseline -0.004 -2"><span class='ocrx_word' id='word_1_184' title='bbox 60 1422 181 1463; x_wconf 84' lang='lat' dir='ltr'>facio</span> <span class='ocrx_word' id='word_1_185' title='bbox 213 1427 258 1461; x_wconf 87' lang='lat' dir='ltr'>et</span> <span class='ocrx_word' id='word_1_186' title='bbox 291 1419 449 1460; x_wconf 88' lang='lat' dir='ltr'>facito.</span> <span class='ocrx_word' id='word_1_187' title='bbox 507 1418 679 1460; x_wconf 90' lang='lat' dir='ltr'>Verum</span> <span class='ocrx_word' id='word_1_188' title='bbox 696 1425 846 1460; x_wconf 87' lang='lat' dir='ltr'>tamen</span> <span class='ocrx_word' id='word_1_189' title='bbox 865 1419 953 1459; x_wconf 88' lang='lat' dir='ltr'>sibi</span> <span class='ocrx_word' id='word_1_190' title='bbox 978 1418 1152 1458; x_wconf 85' lang='lat' dir='ltr'>animus</span> <span class='ocrx_word' id='word_1_191' title='bbox 1177 1415 1265 1456; x_wconf 93' lang='lat' dir='ltr'>hoc</span> <span class='ocrx_word' id='word_1_192' title='bbox 1284 1427 1386 1456; x_wconf 84' lang='lat' dir='ltr'>ver-</span> 
     </span>
     <span class='ocr_line' id='line_1_25' title="bbox 62 1471 1387 1530; baseline -0.006 -11"><span class='ocrx_word' id='word_1_193' title='bbox 62 1479 166 1519; x_wconf 86' lang='lat' dir='ltr'>bum</span> <span class='ocrx_word' id='word_1_194' title='bbox 188 1477 372 1530; x_wconf 84' lang='lat' dir='ltr'>proprie</span> <span class='ocrx_word' id='word_1_195' title='bbox 396 1475 665 1525; x_wconf 70' lang='lat' dir='ltr'>vindicavit,</span> <span class='ocrx_word' id='word_1_196' title='bbox 689 1480 740 1515; x_wconf 90' lang='lat' dir='ltr'>ut</span> <span class='ocrx_word' id='word_1_197' title='bbox 756 1488 849 1515; x_wconf 92' lang='lat' dir='ltr'>non</span> <span class='ocrx_word' id='word_1_198' title='bbox 867 1474 990 1529; x_wconf 91' lang='lat' dir='ltr'>quod</span> <span class='ocrx_word' id='word_1_199' title='bbox 1007 1473 1137 1523; x_wconf 88' lang='lat' dir='ltr'>alibi,</span> <span class='ocrx_word' id='word_1_200' title='bbox 1163 1472 1245 1512; x_wconf 92' lang='lat' dir='ltr'>sed</span> <span class='ocrx_word' id='word_1_201' title='bbox 1263 1471 1387 1525; x_wconf 88' lang='lat' dir='ltr'>quod</span> 
     </span>
     <span class='ocr_line' id='line_1_26' title="bbox 57 1529 1385 1586; baseline -0.005 -12"><span class='ocrx_word' id='word_1_202' title='bbox 57 1536 104 1574; x_wconf 90' lang='lat' dir='ltr'>in</span> <span class='ocrx_word' id='word_1_203' title='bbox 129 1535 278 1574; x_wconf 82' lang='lat' dir='ltr'>animo</span> <span class='ocrx_word' id='word_1_204' title='bbox 304 1532 558 1586; x_wconf 84' lang='lat' dir='ltr'>colligitur,</span> <span class='ocrx_word' id='word_1_205' title='bbox 583 1532 632 1573; x_wconf 89' lang='lat' dir='ltr'>id</span> <span class='ocrx_word' id='word_1_206' title='bbox 657 1536 727 1572; x_wconf 89' lang='lat' dir='ltr'>est</span> <span class='ocrx_word' id='word_1_207' title='bbox 751 1531 954 1585; x_wconf 87' lang='lat' dir='ltr'>cogitur,</span> <span class='ocrx_word' id='word_1_208' title='bbox 980 1529 1176 1584; x_wconf 87' lang='lat' dir='ltr'>cogitari</span> <span class='ocrx_word' id='word_1_209' title='bbox 1199 1529 1385 1582; x_wconf 83' lang='lat' dir='ltr'>proprie</span> 
     </span>
     <span class='ocr_line' id='line_1_27' title="bbox 56 1590 358 1631; baseline -0.013 0"><span class='ocrx_word' id='word_1_210' title='bbox 56 1592 147 1631; x_wconf 91' lang='lat' dir='ltr'>iam</span> <span class='ocrx_word' id='word_1_211' title='bbox 166 1590 358 1629; x_wconf 85' lang='lat' dir='ltr'>dicatur.</span> 
     </span>
    </p>

    <p class='ocr_par' dir='ltr' id='par_1_4' title="bbox 58 1640 1388 2258">
     <span class='ocr_line' id='line_1_28' title="bbox 145 1640 1385 1686; baseline -0.004 -1"><span class='ocrx_word' id='word_1_212' title='bbox 145 1646 193 1686; x_wconf 85' lang='lat' dir='ltr'>C.</span> <span class='ocrx_word' id='word_1_213' title='bbox 217 1643 317 1684; x_wconf 89' lang='lat' dir='ltr'><strong>XII.</strong></span> <span class='ocrx_word' id='word_1_214' title='bbox 376 1643 490 1684; x_wconf 87' lang='lat' dir='ltr'>Item</span> <span class='ocrx_word' id='word_1_215' title='bbox 524 1645 730 1685; x_wconf 88' lang='lat' dir='ltr'>continet</span> <span class='ocrx_word' id='word_1_216' title='bbox 761 1644 985 1684; x_wconf 89' lang='lat' dir='ltr'>memoria</span> <span class='ocrx_word' id='word_1_217' title='bbox 1007 1653 1298 1682; x_wconf 88' lang='lat' dir='ltr'>numerorum</span> <span class='ocrx_word' id='word_1_218' title='bbox 1322 1640 1385 1681; x_wconf 91' lang='lat' dir='ltr'>di-</span> 
     </span>
     <span class='ocr_line' id='line_1_29' title="bbox 62 1698 1385 1755; baseline -0.005 -13"><span class='ocrx_word' id='word_1_219' title='bbox 62 1702 434 1755; x_wconf 84' lang='lat' dir='ltr'>mensionumque</span> <span class='ocrx_word' id='word_1_220' title='bbox 453 1704 657 1741; x_wconf 87' lang='lat' dir='ltr'>rationes</span> <span class='ocrx_word' id='word_1_221' title='bbox 678 1709 723 1740; x_wconf 83' lang='lat' dir='ltr'>et</span> <span class='ocrx_word' id='word_1_222' title='bbox 740 1701 869 1754; x_wconf 90' lang='lat' dir='ltr'>leges</span> <span class='ocrx_word' id='word_1_223' title='bbox 886 1698 1259 1747; x_wconf 88' lang='lat' dir='ltr'>innumerabiles,</span> <span class='ocrx_word' id='word_1_224' title='bbox 1280 1709 1385 1750; x_wconf 89' lang='lat' dir='ltr'>qua-</span> 
     </span>
     <span class='ocr_line' id='line_1_30' title="bbox 59 1753 1385 1810; baseline -0.005 -12"><span class='ocrx_word' id='word_1_225' title='bbox 59 1771 157 1798; x_wconf 91' lang='lat' dir='ltr'>rum</span> <span class='ocrx_word' id='word_1_226' title='bbox 172 1757 341 1797; x_wconf 87' lang='lat' dir='ltr'>nullam</span> <span class='ocrx_word' id='word_1_227' title='bbox 359 1759 566 1810; x_wconf 91' lang='lat' dir='ltr'>corporis</span> <span class='ocrx_word' id='word_1_228' title='bbox 585 1769 745 1797; x_wconf 85' lang='lat' dir='ltr'>sensus</span> <span class='ocrx_word' id='word_1_229' title='bbox 763 1757 1013 1810; x_wconf 86' lang='lat' dir='ltr'>impressit3</span> <span class='ocrx_word' id='word_1_230' title='bbox 1035 1757 1141 1809; x_wconf 88' lang='lat' dir='ltr'>quia</span> <span class='ocrx_word' id='word_1_231' title='bbox 1157 1766 1241 1794; x_wconf 91' lang='lat' dir='ltr'>nec</span> <span class='ocrx_word' id='word_1_232' title='bbox 1258 1753 1385 1807; x_wconf 77' lang='lat' dir='ltr'>ipsae</span> 
     </span>
     <span class='ocr_line' id='line_1_31' title="bbox 61 1812 1382 1864; baseline -0.004 -11"><span class='ocrx_word' id='word_1_233' title='bbox 61 1814 294 1854; x_wconf 89' lang='lat' dir='ltr'>coloratae</span> <span class='ocrx_word' id='word_1_234' title='bbox 321 1819 445 1862; x_wconf 89' lang='lat' dir='ltr'>sunt,</span> <span class='ocrx_word' id='word_1_235' title='bbox 473 1818 550 1853; x_wconf 88' lang='lat' dir='ltr'>aut</span> <span class='ocrx_word' id='word_1_236' title='bbox 574 1818 757 1862; x_wconf 87' lang='lat' dir='ltr'>sonant,</span> <span class='ocrx_word' id='word_1_237' title='bbox 784 1818 862 1853; x_wconf 87' lang='lat' dir='ltr'>aut</span> <span class='ocrx_word' id='word_1_238' title='bbox 887 1812 1032 1861; x_wconf 86' lang='lat' dir='ltr'>olent,</span> <span class='ocrx_word' id='word_1_239' title='bbox 1057 1816 1135 1851; x_wconf 89' lang='lat' dir='ltr'>aut</span> <span class='ocrx_word' id='word_1_240' title='bbox 1157 1815 1382 1864; x_wconf 83' lang='lat' dir='ltr'>gustatae,</span> 
     </span>
     <span class='ocr_line' id='line_1_32' title="bbox 61 1866 1386 1919; baseline -0.005 -9"><span class='ocrx_word' id='word_1_241' title='bbox 61 1875 138 1910; x_wconf 87' lang='lat' dir='ltr'>aut</span> <span class='ocrx_word' id='word_1_242' title='bbox 156 1873 466 1909; x_wconf 89' lang='lat' dir='ltr'>contrectatae</span> <span class='ocrx_word' id='word_1_243' title='bbox 486 1875 604 1910; x_wconf 86' lang='lat' dir='ltr'>sunt.</span> <span class='ocrx_word' id='word_1_244' title='bbox 663 1869 826 1909; x_wconf 72' lang='lat' dir='ltr'>Audivi</span> <span class='ocrx_word' id='word_1_245' title='bbox 844 1880 984 1909; x_wconf 88' lang='lat' dir='ltr'>sonos</span> <span class='ocrx_word' id='word_1_246' title='bbox 1002 1867 1267 1915; x_wconf 84' lang='lat' dir='ltr'>verborum,</span> <span class='ocrx_word' id='word_1_247' title='bbox 1293 1866 1386 1919; x_wconf 91' lang='lat' dir='ltr'>qui-</span> 
     </span>
     <span class='ocr_line' id='line_1_33' title="bbox 58 1921 1384 1979; baseline -0.005 -13"><span class='ocrx_word' id='word_1_248' title='bbox 58 1926 144 1966; x_wconf 89' lang='lat' dir='ltr'>bus</span> <span class='ocrx_word' id='word_1_249' title='bbox 169 1924 503 1979; x_wconf 84' lang='lat' dir='ltr'>significantur,</span> <span class='ocrx_word' id='word_1_250' title='bbox 524 1938 623 1965; x_wconf 89' lang='lat' dir='ltr'>cum</span> <span class='ocrx_word' id='word_1_251' title='bbox 649 1925 704 1966; x_wconf 91' lang='lat' dir='ltr'>de</span> <span class='ocrx_word' id='word_1_252' title='bbox 723 1924 792 1965; x_wconf 88' lang='lat' dir='ltr'>his</span> <span class='ocrx_word' id='word_1_253' title='bbox 813 1925 1072 1975; x_wconf 85' lang='lat' dir='ltr'>disseritur3</span> <span class='ocrx_word' id='word_1_254' title='bbox 1106 1922 1188 1963; x_wconf 90' lang='lat' dir='ltr'>sed</span> <span class='ocrx_word' id='word_1_255' title='bbox 1205 1922 1275 1964; x_wconf 92' lang='lat' dir='ltr'>illi</span> <span class='ocrx_word' id='word_1_256' title='bbox 1293 1921 1384 1968; x_wconf 89' lang='lat' dir='ltr'>alii,</span> 
     </span>
     <span class='ocr_line' id='line_1_34' title="bbox 61 1977 1388 2028; baseline -0.005 -7"><span class='ocrx_word' id='word_1_257' title='bbox 61 1982 177 2021; x_wconf 89' lang='lat' dir='ltr'>istae</span> <span class='ocrx_word' id='word_1_258' title='bbox 196 1986 348 2021; x_wconf 87' lang='lat' dir='ltr'>autem</span> <span class='ocrx_word' id='word_1_259' title='bbox 366 1980 483 2020; x_wconf 88' lang='lat' dir='ltr'>aliae</span> <span class='ocrx_word' id='word_1_260' title='bbox 503 1986 619 2021; x_wconf 89' lang='lat' dir='ltr'>sunt.</span> <span class='ocrx_word' id='word_1_261' title='bbox 667 1980 783 2022; x_wconf 89' lang='lat' dir='ltr'>Nam</span> <span class='ocrx_word' id='word_1_262' title='bbox 799 1981 870 2021; x_wconf 89' lang='lat' dir='ltr'>illi</span> <span class='ocrx_word' id='word_1_263' title='bbox 888 1981 1021 2023; x_wconf 88' lang='lat' dir='ltr'>aliter</span> <span class='ocrx_word' id='word_1_264' title='bbox 1040 1979 1233 2028; x_wconf 85' lang='lat' dir='ltr'>Graece,</span> <span class='ocrx_word' id='word_1_265' title='bbox 1253 1977 1388 2017; x_wconf 88' lang='lat' dir='ltr'>aliter</span> 
     </span>
     <span class='ocr_line' id='line_1_35' title="bbox 63 2033 1386 2086; baseline -0.005 -10"><span class='ocrx_word' id='word_1_266' title='bbox 63 2037 227 2077; x_wconf 88' lang='lat' dir='ltr'>Latine</span> <span class='ocrx_word' id='word_1_267' title='bbox 256 2041 438 2086; x_wconf 84' lang='lat' dir='ltr'>sonant3</span> <span class='ocrx_word' id='word_1_268' title='bbox 471 2037 588 2076; x_wconf 87' lang='lat' dir='ltr'>istae</span> <span class='ocrx_word' id='word_1_269' title='bbox 612 2049 721 2078; x_wconf 84' lang='lat' dir='ltr'>vero</span> <span class='ocrx_word' id='word_1_270' title='bbox 746 2049 830 2077; x_wconf 89' lang='lat' dir='ltr'>nec</span> <span class='ocrx_word' id='word_1_271' title='bbox 855 2036 1061 2077; x_wconf 88' lang='lat' dir='ltr'>Graecae</span> <span class='ocrx_word' id='word_1_272' title='bbox 1088 2047 1171 2075; x_wconf 89' lang='lat' dir='ltr'>nec</span> <span class='ocrx_word' id='word_1_273' title='bbox 1193 2033 1386 2073; x_wconf 89' lang='lat' dir='ltr'>Latinae</span> 
     </span>
     <span class='ocr_line' id='line_1_36' title="bbox 66 2087 1386 2147; baseline -0.006 -13"><span class='ocrx_word' id='word_1_274' title='bbox 66 2097 189 2142; x_wconf 87' lang='lat' dir='ltr'>sunt,</span> <span class='ocrx_word' id='word_1_275' title='bbox 214 2105 298 2133; x_wconf 90' lang='lat' dir='ltr'>nec</span> <span class='ocrx_word' id='word_1_276' title='bbox 323 2092 447 2132; x_wconf 91' lang='lat' dir='ltr'>aliud</span> <span class='ocrx_word' id='word_1_277' title='bbox 473 2093 761 2146; x_wconf 89' lang='lat' dir='ltr'>eloquiorum</span> <span class='ocrx_word' id='word_1_278' title='bbox 801 2104 959 2147; x_wconf 89' lang='lat' dir='ltr'>genus.</span> <span class='ocrx_word' id='word_1_279' title='bbox 1018 2091 1128 2132; x_wconf 90' lang='lat' dir='ltr'>Vidi</span> <span class='ocrx_word' id='word_1_280' title='bbox 1145 2091 1289 2130; x_wconf 89' lang='lat' dir='ltr'>lineas</span> <span class='ocrx_word' id='word_1_281' title='bbox 1323 2087 1386 2127; x_wconf 87' lang='lat' dir='ltr'>fa-</span> 
     </span>
     <span class='ocr_line' id='line_1_37' title="bbox 64 2147 1387 2198; baseline -0.005 -10"><span class='ocrx_word' id='word_1_282' title='bbox 64 2149 264 2198; x_wconf 90' lang='lat' dir='ltr'>brorum,</span> <span class='ocrx_word' id='word_1_283' title='bbox 291 2148 363 2188; x_wconf 79' lang='lat' dir='ltr'>vel</span> <span class='ocrx_word' id='word_1_284' title='bbox 388 2149 525 2188; x_wconf 85' lang='lat' dir='ltr'>etiam</span> <span class='ocrx_word' id='word_1_285' title='bbox 547 2149 860 2197; x_wconf 85' lang='lat' dir='ltr'>tenuissimas,</span> <span class='ocrx_word' id='word_1_286' title='bbox 885 2149 1004 2188; x_wconf 83' lang='lat' dir='ltr'>sicut</span> <span class='ocrx_word' id='word_1_287' title='bbox 1023 2147 1147 2186; x_wconf 87' lang='lat' dir='ltr'>filum</span> <span class='ocrx_word' id='word_1_288' title='bbox 1172 2155 1387 2192; x_wconf 84' lang='lat' dir='ltr'>araneae3</span> 
     </span>
     <span class='ocr_line' id='line_1_38' title="bbox 67 2204 1387 2258; baseline -0.005 -13"><span class='ocrx_word' id='word_1_289' title='bbox 67 2204 148 2245; x_wconf 89' lang='lat' dir='ltr'>sed</span> <span class='ocrx_word' id='word_1_290' title='bbox 172 2204 280 2246; x_wconf 87' lang='lat' dir='ltr'>illae</span> <span class='ocrx_word' id='word_1_291' title='bbox 304 2205 422 2245; x_wconf 84' lang='lat' dir='ltr'>aliae</span> <span class='ocrx_word' id='word_1_292' title='bbox 447 2208 571 2255; x_wconf 80' lang='lat' dir='ltr'>sunt3</span> <span class='ocrx_word' id='word_1_293' title='bbox 603 2217 695 2246; x_wconf 91' lang='lat' dir='ltr'>non</span> <span class='ocrx_word' id='word_1_294' title='bbox 719 2210 825 2246; x_wconf 90' lang='lat' dir='ltr'>sunt</span> <span class='ocrx_word' id='word_1_295' title='bbox 839 2205 1064 2258; x_wconf 86' lang='lat' dir='ltr'>imagines</span> <span class='ocrx_word' id='word_1_296' title='bbox 1085 2214 1254 2250; x_wconf 86' lang='lat' dir='ltr'>earum,</span> <span class='ocrx_word' id='word_1_297' title='bbox 1277 2212 1387 2250; x_wconf 82' lang='lat' dir='ltr'>quas</span> 
     </span>
    </p>
   </div>
  </div>
 </body>
</html>
