1514 2438
312 141 853 186 CONFESSIONUM
883 138 1087 180 LIBER
1119 135 1207 177 Vl.
1378 133 1429 174 99

101 231 266 286 prioris
291 229 577 284 praecisione
597 227 766 267 factum
783 225 953 273 fuerat,
980 222 1061 264 sed
1080 227 1185 277 post
1200 219 1431 260 fervorem

103 288 400 340 doloremque
427 285 698 325 acerrimum
721 281 1038 336 putrescebat,
1071 285 1116 319 et
1145 277 1277 332 quasi
1301 276 1428 329 frigi-

102 344 218 392 dius,
239 343 320 383 sed
339 342 626 394 desperatius
647 339 848 379 dolebat.

185 400 232 440 C.
257 398 378 439 XVI.
425 397 530 437 Tibi
548 397 662 445 laus,
682 396 768 435 tibi
786 393 950 448 gloria,
970 391 1073 432 fons
1092 389 1430 431 misericordia-

101 469 214 496 rum.
259 455 358 508 Ego
381 454 544 494 fiebam
562 452 792 500 miserior,
812 455 858 490 et
874 456 922 489 tu
944 447 1257 501 propinquior.
1316 445 1430 485 Ade-

102 518 173 551 rat
195 512 285 550 iam
308 512 489 563 iamque
516 509 707 549 dextera
724 514 803 548 tua
820 511 1007 558 raptura
1022 516 1094 544 me
1116 504 1170 544 de
1192 513 1360 550 coeno,
1386 506 1432 540 et

102 568 313 607 ablutura
330 579 417 615 me,
439 571 484 605 et
501 565 785 619 ignorabam.
818 561 914 602 Nec
932 573 1002 601 me
1018 559 1268 600 revocabat
1286 570 1312 596 a
1328 569 1431 610 pro-

101 623 314 664 fundiore
351 623 635 675 voluptatum
666 619 917 660 carnalium
952 617 1134 671 gurgite
1169 615 1259 656 nisi
1282 619 1430 653 metus

102 680 263 720 mortis
298 684 345 719 et
377 678 521 718 futuri
553 677 715 717 iudicii
747 676 834 725 tui,
870 675 946 728 qui
968 685 1050 726 per
1071 673 1222 712 varias
1247 669 1432 725 quidem

104 736 363 789 opiniones,
384 746 628 787 numquam
644 738 795 773 tamen
813 731 1010 771 recessit
1029 729 1083 769 de
1102 734 1288 783 pectore
1310 738 1430 767 meo.

102 793 161 832 Et
185 791 474 845 disputabam
500 803 601 830 cum
631 789 788 828 amicis
813 788 928 827 meis
951 786 1115 840 Alypio
1143 791 1187 824 et
1203 783 1426 824 Nebridio

105 849 159 889 de
186 849 350 888 finibus
366 847 592 886 bonorum
617 851 662 885 et
678 845 922 893 malorum,
954 843 1200 896 Epicurum
1220 845 1429 893 acceptu-

102 918 203 944 rum
227 904 371 944 fuisse
394 903 589 956 palmam
606 902 653 941 in
672 901 821 941 animo
842 912 966 949 meo,
994 900 1082 938 nisi
1101 910 1187 952 ego
1210 897 1430 937 credidis-

106 974 202 1001 sem
227 965 334 1014 post
363 963 558 999 mortem
588 963 766 998 restare
797 957 973 996 animae
1004 956 1142 995 vitam
1176 960 1222 994 et
1256 959 1429 994 tractus

106 1017 388 1066 meritorum,
411 1016 532 1068 quod
550 1015 772 1068 Epicurus
793 1012 980 1053 credere
999 1012 1160 1052 noluit.
1220 1011 1280 1050 Et
1297 1022 1430 1063 quae-

107 1074 277 1122 rebam,
303 1075 341 1112 si
361 1084 564 1112 essemus
583 1069 886 1119 immortales,
907 1075 952 1108 et
968 1070 1014 1108 in
1032 1074 1254 1122 perpetua
1274 1078 1434 1120 corpo-

107 1131 171 1169 ris
196 1129 432 1182 voluptate
452 1129 550 1168 sine
571 1127 664 1168 ullo
686 1125 948 1166 amissionis
966 1131 1144 1165 terrore
1163 1125 1436 1171 viveremus,

111 1199 190 1225 cur
212 1198 304 1225 non
330 1197 534 1225 essemus
553 1184 699 1233 beati,
727 1188 804 1222 aut
823 1181 931 1236 quid
950 1182 1074 1222 aliud
1095 1192 1436 1234 quaereremus,

109 1243 320 1282 nesciens
352 1242 400 1282 id
432 1242 580 1294 ipsum
615 1239 669 1279 ad
694 1251 906 1292 magnam
930 1239 1162 1278 miseriam
1189 1237 1436 1290 pertinere,

111 1298 234 1351 quod
266 1299 333 1337 ita
366 1298 603 1340 demersus
635 1301 681 1336 et
708 1307 877 1336 caecus
904 1295 1111 1347 cogitare
1139 1307 1226 1333 non
1252 1304 1439 1345 possem

110 1355 264 1394 lumen
295 1352 552 1393 honestatis
579 1357 624 1391 et
649 1353 792 1405 gratis
821 1350 1164 1403 amplectendae
1194 1347 1439 1402 pulchritu-

114 1411 255 1459 dinis,
275 1422 406 1462 quam
425 1422 515 1447 non
532 1406 658 1449 videt
670 1407 830 1447 oculus
852 1407 1017 1455 carnis,
1037 1411 1084 1445 et
1102 1405 1282 1444 videtur
1302 1416 1358 1444 ex
1375 1404 1439 1442 in-

112 1467 240 1505 timo.
301 1464 396 1504 Nec
431 1463 777 1504 considerabam
802 1463 963 1511 miser,
999 1474 1054 1501 ex
1080 1474 1168 1514 qua
1191 1472 1307 1500 vena
1328 1457 1442 1499 mihi

113 1526 341 1570 manaret,
377 1520 604 1575 quodista
636 1520 756 1570 ipsa,
790 1517 930 1558 foeda
952 1523 1125 1566 tamen,
1158 1529 1257 1556 cum
1282 1515 1440 1555 amicis

116 1577 312 1617 dulciter
343 1575 656 1624 conferebam3
690 1587 772 1613 nec
798 1586 900 1614 esse
926 1574 1024 1614 sine
1053 1573 1211 1613 amicis
1233 1578 1442 1626 poteram

114 1634 300 1682 beatus,
342 1633 479 1672 etiam
511 1630 760 1671 secundum
785 1642 988 1677 sensum,
1022 1642 1155 1682 quem
1173 1634 1280 1668 tunc
1304 1626 1441 1667 habe-

113 1689 218 1729 bam
234 1689 282 1728 in
300 1688 586 1741 quantalibet
605 1685 857 1726 adfluentia
875 1686 1124 1725 carnalium
1141 1685 1440 1738 voluptatum.

117 1745 243 1794 Quos
262 1745 419 1798 utique
439 1744 612 1784 amicos
633 1743 776 1796 gratis
797 1742 1367 1796 diligebani,vicissin1que
1388 1738 1442 1778 ab

118 1803 182 1841 eis
194 1813 265 1841 me
279 1801 409 1855 diligi
424 1800 567 1854 gratis
584 1799 852 1839 sentiebam.
891 1798 926 1838 Ο
945 1804 1181 1838 tortuosas
1194 1797 1312 1837 vias!
1332 1794 1408 1835 Va
1420 1807 1442 1834 e

119 1858 326 1897 animae
356 1857 571 1905 audaci,
607 1867 739 1909 quae
765 1856 1032 1908 speravit,
1065 1855 1111 1894 si
1136 1867 1162 1893 a
1185 1859 1236 1894 te
1260 1864 1444 1892 reces-

119 1913 310 1963 sisset,
344 1925 399 1953 se
433 1912 647 1966 aliquid
676 1911 869 1951 melius
904 1909 1225 1951 habituram.
1273 1907 1446 1948 Versa

120 1974 174 2009 et
199 1981 422 2009 reversa
444 1969 496 2008 in
519 1974 751 2022 tergum,
772 1973 824 2008 et
853 1967 906 2007 in
936 1968 1136 2017 latera,
1172 1965 1304 2006 etin
1326 1975 1442 2003 ven-

120 2031 270 2075 trem,
292 2031 342 2067 et
361 2025 489 2064 dura
508 2030 630 2064 sunt
650 2024 836 2063 omnia.
868 2023 934 2063 Et
956 2029 1011 2063 tu
1035 2023 1184 2063 solus
1207 2020 1441 2072 requies,

117 2081 176 2121 Et
195 2094 300 2122 ecce
320 2082 449 2131 ades3
484 2086 530 2120 et
546 2080 715 2120 liberas
734 2092 761 2118 a
776 2079 1117 2120 miserabilibus
1137 2077 1371 2118 erroribus
1399 2079 1446 2114 et

122 2139 363 2178 constituis
382 2149 466 2177 nos
486 2137 533 2176 in
550 2136 646 2176 vita
662 2141 756 2185 tua,
769 2142 815 2176 et
833 2136 1105 2185 consolaris,
1127 2141 1173 2175 et
1190 2133 1325 2174 dicis:
1346 2142 1443 2171 cur-

120 2194 222 2245 rite,
242 2206 328 2249 ego
348 2193 509 2243 feram,
529 2197 576 2233 et
594 2203 680 2245 ego
701 2192 962 2245 perducam,
984 2197 1029 2232 et
1044 2192 1110 2231 ibi
1129 2202 1215 2244 ego
1234 2188 1394 2229 feram.

1018 2304 1100 2344 (22
