1514 2438
285 133 845 180 CONFESSIONUM
874 130 1091 173 LIBER
1120 130 1174 171 V.
1340 128 1393 167 71

67 226 261 269 suetudo
286 229 480 279 patrona
504 222 584 271 sit3
617 219 706 260 hoc
723 219 998 267 ,miseriores
1027 229 1107 257 eos
1130 212 1394 262 ostendenS,

69 284 257 338 quoiam
269 280 397 335 quasi
416 279 558 319 liceat
568 277 756 326 faciunt,
774 275 896 329 quod
916 287 997 329 per
1015 280 1140 313 tuam
1160 275 1394 311 aeternam

67 341 218 394 legem
228 347 469 390 numquam
479 334 661 385 licebit3
684 334 920 386 etimpune
941 343 989 370 se
1008 329 1163 370 facere
1176 326 1397 367 arbitran-

66 402 156 444 tur,
177 407 276 434 cum
293 395 393 446 ipsa
411 390 614 431 faciendi
635 390 858 429 caecitate
879 388 1142 442 puniantur,
1164 388 1210 424 et
1227 383 1399 422 incom-

70 447 765 505 parabiliterpatianturpeiora‚
778 457 911 499 quam
921 443 1110 484 faciunt.
1143 440 1267 494 Ergo
1285 450 1400 492 quos

68 519 221 548 mores
241 519 341 546 cum
359 504 592 545 studerem
611 514 739 543 meos
761 514 862 541 esse
882 500 1024 549 nolui,
1047 511 1126 539 eos
1147 510 1247 536 cum
1267 495 1400 535 docc-

68 577 165 604 rem
200 562 401 618 cogebar
427 559 607 616 perpeti
635 559 838 607 alienos3
873 562 919 597 et
943 556 1050 595 ideo
1077 552 1291 607 placebat
1316 551 1399 596 ire,

67 620 147 660 ubi
174 619 288 660 talia
323 630 412 657 non
442 616 543 656 fieri
571 627 727 655 omnes
762 614 836 667 qui
873 617 1097 653 noverant
1123 607 1402 649 indicabant.

69 676 233 717 Verum
272 680 423 714 autem
455 678 528 722 tu,
557 684 661 725 spes
696 683 800 711 mea
834 675 880 709 et
905 669 1056 723 portio
1082 678 1184 706 mea
1209 666 1255 704 in
1280 669 1406 703 terra

70 732 338 780 viventium,
367 730 424 770 ad
449 728 714 768 mutandum
732 732 958 767 terrarum
979 725 1131 765 locum
1151 734 1232 775 pro
1256 720 1403 761 salute

71 789 248 828 animae
282 798 434 836 meae,
471 790 517 825 et
544 782 809 838 Carthagini
837 781 1068 830 stimulos,
1102 779 1264 834 quibus
1298 775 1405 815 inde

75 844 314 893 avellerer,
329 842 621 891 admovebas,
642 845 688 880 et
706 841 877 880 Romae
897 837 1158 885 illecebras,
1173 834 1335 887 quibus
1351 831 1420 870 ad-

72 899 298 949 traherer,
321 898 612 952 proponebas
632 895 745 937 mihi
769 908 851 949 per
868 894 1094 943 homines,
1116 892 1191 945 qui
1210 890 1409 942 diligunt

78 958 213 997 vitam
230 960 472 1004 mortuam,
484 953 589 994 hinc
606 945 1408 1001 insanafacientes,indevanapolli-

75 1018 252 1062 centes3
269 1011 381 1053 etad
392 1010 694 1064 corrigendos
705 1021 893 1063 gressus
903 1004 1246 1048 meosutebaris
1260 1001 1409 1042 occul-

72 1075 119 1109 te
139 1074 186 1109 et
201 1068 386 1108 illorum
405 1072 452 1107 et
466 1079 569 1106 mea
586 1066 905 1121 perversitate.
939 1063 1054 1104 Nam
1075 1068 1120 1102 et
1139 1060 1214 1115 qui
1234 1063 1410 1113 pertur-

72 1125 244 1165 babant
264 1124 407 1165 otium
426 1135 600 1173 meum,
629 1121 771 1162 foeda
786 1121 914 1162 rabie
939 1119 1065 1160 caeci
1085 1122 1236 1169 erant3
1271 1120 1317 1155 et
1336 1112 1409 1167 qui

74 1181 330 1221 invitabant
357 1180 412 1220 ad
434 1179 580 1230 aliud,
606 1183 778 1219 terram
797 1177 1051 1232 sapiebant.
1113 1175 1214 1228 Ego
1243 1176 1410 1211 autem.

77 1238 154 1291 qui
181 1237 446 1277 detestabar
469 1234 545 1276 hic
568 1247 725 1275 veram
749 1234 1006 1283 miseriam,
1034 1232 1131 1272 illic
1158 1230 1322 1270 falsam
1347 1226 1412 1265 fe-

75 1294 298 1333 licitatem
317 1292 603 1346 adpetebam.
652 1291 744 1333 Sed
764 1302 902 1344 quare
922 1289 1028 1329 hinc
1045 1288 1219 1327 abirem
1239 1290 1285 1324 et
1300 1284 1412 1322 illu(-

76 1351 206 1398 irem,
226 1355 276 1389 tu
295 1349 491 1398 sciebas,
510 1348 662 1399 Deus3
696 1359 781 1387 nec
800 1346 1037 1386 indicabas
1055 1343 1188 1392 mihi,
1218 1353 1304 1380 nec
1321 1353 1413 1378 me.-

80 1407 133 1445 tri
150 1435 159 1453 ‚
180 1417 295 1457 quae
310 1417 381 1444 me
402 1403 660 1458 profectum
681 1403 905 1443 atrociter
918 1401 1110 1455 planxit,
1134 1404 1179 1439 et
1192 1408 1336 1450 usque
1358 1394 1413 1433 ad

80 1472 203 1500 mare
224 1466 383 1500 secuta
404 1465 487 1500 est.
523 1459 615 1500 Sed
633 1458 782 1499 fefelli
803 1471 901 1498 eam
921 1457 1151 1496 violenter
1168 1466 1239 1494 me
1258 1459 1414 1492 tenen-

80 1525 185 1565 tem,
196 1521 247 1556 ut
264 1522 341 1556 aut
357 1521 614 1565 revocaret,
628 1520 706 1555 aut
720 1527 898 1555 mecum
912 1516 1143 1567 pergeret,
1157 1516 1203 1550 et
1221 1508 1329 1548 finxi
1342 1519 1413 1545 me.

78 1574 273 1612 amicum
299 1572 422 1612 nolle
441 1572 673 1621 deserere,
692 1571 840 1612 donec
857 1574 994 1610 vento
1014 1567 1138 1608 facto
1160 1565 1412 1617 navigaret.

86 1630 140 1669 Et
158 1629 376 1668 mentitus
396 1641 494 1668 sum
513 1628 671 1678 matri,
694 1633 740 1667 et
756 1627 825 1666 illi
842 1625 993 1675 matri,
1015 1629 1060 1664 et
1080 1623 1226 1663 evasi:
1247 1621 1351 1674 quia
1372 1628 1416 1658 et

81 1684 168 1725 hoc
195 1691 245 1726 tu
274 1684 492 1724 dimisisti
515 1682 627 1724 mihi
640 1682 1030 1731 misericorditer,
1058 1692 1245 1720 servans
1268 1689 1340 1717 me
1361 1673 1411 1714 ab

83 1742 210 1794 aquis
230 1742 370 1781 maris
384 1771 394 1790 ,
414 1740 599 1794 plenum
618 1739 914 1780 exsecrandis
934 1736 1172 1785 sordibus,
1196 1744 1339 1787 usque
1360 1736 1417 1771 ad

79 1810 241 1851 aquam
261 1797 438 1852 gratiae
456 1801 579 1847 tuae,
594 1809 682 1851 qua
700 1808 772 1836 me
793 1795 948 1835 abluto
970 1793 1254 1834 siccarentur
1272 1788 1417 1829 flumi-

80 1867 137 1893 na
168 1858 477 1894 maternorum
513 1853 774 1903 oculorum,
803 1852 968 1906 quibus
993 1862 1075 1904 pro
1104 1861 1177 1889 me
1205 1845 1416 1902 quotidie

77 1910 163 1950 tibi
175 1910 357 1964 rigabat
373 1914 544 1950 terram
562 1909 645 1950 sub
663 1909 792 1950 vultu
809 1920 909 1950 suo.
936 1907 996 1948 Et
1010 1911 1163 1947 tamen
1181 1900 1418 1944 recusanti

80 1968 177 2007 sine.
195 1978 266 2006 me
287 1966 438 2007 redire
456 1966 532 2006 vix
550 1965 782 2020 persuasi,
809 1964 922 2005 utin
939 1964 1045 2004 loco
1058 1994 1068 2013 ,
1090 1962 1167 2017 qui
1181 1959 1415 2016 proximus

79 2027 265 2063 nostrae
294 2022 399 2062 navi
424 2025 524 2062 erat
545 2022 771 2062 memoria
790 2020 916 2062 beati
944 2019 1186 2074 Cypriani,
1209 2022 1418 2057 maneret

82 2091 137 2118 ea
152 2084 303 2120 nocte.
366 2078 459 2120 Sed
477 2090 533 2118 ea
549 2082 685 2119 nocte
699 2077 910 2119 clanculo
932 2088 1018 2131 ego
1038 2074 1274 2130 profectus
1295 2083 1414 2119 sum;

79 2135 162 2174 illa
189 2140 340 2176 autem
363 2134 588 2174 remansit
611 2133 786 2175 orando
817 2139 865 2175 et
890 2132 1060 2173 flendo.
1121 2131 1179 2170 Et
1196 2128 1303 2183 quid
1325 2139 1349 2165 a
1370 2131 1414 2164 te

81 2191 285 2244 petebat,
303 2191 431 2231 Deus
449 2202 599 2240 meus,
616 2190 758 2231 tantis
776 2189 1002 2238 lacrimis,
1024 2187 1113 2228 nisi
1132 2191 1182 2226 ut
1200 2184 1416 2235 navigare

81 2259 152 2287 me
173 2260 264 2288 non
283 2246 485 2288 sineres‘!
517 2245 609 2288 Sed
626 2251 677 2287 tu
695 2247 785 2287 alte
807 2245 1077 2293 consulens,
1099 2249 1144 2282 et
1164 2239 1414 2281 exaudiens
