1473 2443
83 126 161 166 132
408 123 679 165 AURELII
706 123 1070 166 AUGUSTINI

82 208 432 250 contubernales
449 209 791 259 suOS,nimirum
806 208 924 263 apud
936 210 1178 258 Treveros,
1196 221 1295 249 cum
1306 206 1389 249 Im-

79 270 266 320 perator
287 265 599 318 pomeridiano
624 265 904 306 Circensium
927 265 1187 318 spectaculo
1211 270 1388 305 tenere-

77 329 173 371 tur,
199 321 365 360 exiisse
385 320 719 361 deambulatum
733 321 780 360 in
797 319 954 361 hortos
974 321 1112 360 muris
1132 321 1387 374 contiguos,

81 382 217 430 atque
250 376 363 426 illic,
396 381 447 416 ut
476 375 597 417 forte
622 377 867 417 combinati
889 377 1220 429 spatiabantur,
1252 388 1390 415 unum

83 445 237 474 secum
258 444 484 482 seorsum,
519 437 565 473 et
586 432 702 473 alios
726 432 839 473 duos
861 432 1021 472 itidem
1045 444 1251 472 seorsum
1272 431 1390 484 pari-

81 494 241 542 terque
275 487 529 542 digressos;
562 488 643 528 sed
674 488 780 529 illos
811 487 1105 541 vagabundos
1131 487 1322 527 irruisse
1343 486 1389 525 in

85 544 323 598 quamdam
338 544 588 592 casam,ubi
602 542 864 584 habitabant
878 544 1058 599 quidam
1073 544 1192 583 servi
1205 543 1287 591 tui,
1303 542 1392 595 spi-

83 602 175 640 ritu
190 612 425 654 pauperes,
441 600 640 653 qualium
655 604 724 639 est
739 611 928 652 regnum
946 598 1191 647 coelorum,
1209 602 1253 637 et
1269 599 1392 638 inve-

85 658 208 697 nisse
240 656 305 696 ibi
327 655 551 705 codicem,
582 656 629 695 in
653 667 740 708 quo
765 655 935 708 scripta
958 659 1056 694 crat
1077 655 1171 694 vita
1190 653 1390 694 Antonii.

87 713 231 760 Quam
243 712 397 764 legere
413 712 564 765 coepit
574 724 688 751 unus
708 722 878 759 eorum,
894 715 939 749 et
954 710 1109 749 mirari
1127 714 1172 749 et
1189 708 1391 757 accendi,

87 776 132 808 et
155 770 272 807 inter
295 768 537 820 legendum
557 767 769 807 meditari
786 766 993 818 adripere
1009 765 1148 805 talem
1163 765 1321 814 Vitam,
1347 769 1393 803 et

84 825 248 864 relicta
264 824 427 864 militia
444 822 669 863 saeculari
687 821 858 862 servire
877 821 975 861 tibi.
1011 821 1152 860 Erant
1169 825 1319 860 autem
1337 831 1393 859 ex

88 881 175 929 eis,
201 892 312 932 quos
338 879 492 918 dicunt
511 880 709 932 Agentes
732 878 776 917 in
800 877 951 917 rebus.
1010 877 1139 917 Tunc
1156 876 1306 916 subito
1324 887 1392 916 re-

84 936 234 989 pletus
268 947 419 975 amore
452 939 609 974 sancto
643 939 690 974 et
719 933 873 973 sobrio
905 932 1100 986 pudore,
1131 932 1273 971 iratus
1305 930 1394 971 sibi

88 993 286 1031 coniecit
309 990 467 1030 oculos
489 991 534 1030 in
559 991 771 1039 amicum,
797 992 844 1028 et
861 989 925 1028 ait
941 989 1028 1028 illi:
1062 987 1197 1038 „Dic‚
1223 998 1392 1041 quaeso

87 1052 150 1095 te,
171 1046 376 1085 omnibus
393 1046 494 1085 istis
513 1045 744 1085 laboribus
763 1045 931 1084 nostris
952 1056 1039 1097 quo
1060 1043 1278 1083 ambimus
1296 1054 1394 1096 per-

84 1102 267 1141 venire&
298 1101 404 1154 quid
427 1100 709 1154 quaerimuss.t
739 1100 865 1140 cuius
884 1100 954 1138 rei
971 1111 1107 1139 causa
1123 1097 1396 1140 militamus?

85 1158 295 1198 Maiorne
319 1169 418 1197 esse
436 1156 607 1208 poterit
624 1167 726 1210 spes
744 1159 902 1194 nostra
917 1156 963 1194 in
980 1155 1149 1208 palatio
1161 1185 1172 1204 ,
1196 1166 1330 1208 quam
1345 1158 1396 1192 ut

86 1214 220 1253 amici
250 1213 540 1265 Imperatoris
573 1210 736 1252 simus'}
754 1210 822 1250 ‘Et
852 1210 937 1260 ibi,
972 1210 1079 1264 quid
1108 1222 1198 1250 non
1229 1209 1393 1262 fragile

83 1270 356 1325 plenumque
391 1267 631 1320 periculis?
654 1267 713 1306 Et
733 1278 813 1320 per
835 1271 947 1319 quot
966 1265 1169 1320 pericula
1188 1265 1394 1318 perveni-

85 1335 161 1365 tur
192 1326 248 1365 ad
281 1324 495 1378 grandius
527 1321 802 1376 periculum‘}
831 1322 890 1362 Et
921 1321 1099 1375 quando
1131 1322 1250 1361 istuc
1282 1319 1395 1360 erit?

86 1382 266 1421 Amicus
286 1385 436 1419 autem
451 1378 540 1419 Dei
558 1379 597 1418 si
613 1378 819 1428 voluero,
841 1390 946 1418 ecce
965 1390 1082 1417 nunc
1099 1377 1207 1417 fio.“
1263 1375 1395 1415 Dixit

86 1435 195 1485 hoc,
231 1442 276 1476 et
300 1434 508 1475 turbidus
534 1434 833 1487 parturitione
856 1445 1001 1474 novae
1023 1433 1164 1483 vitae,
1195 1431 1396 1472 reddidit

90 1493 249 1533 oculos
266 1492 464 1546 paginiS‚
484 1496 529 1530 et
546 1490 743 1544 legebat,
764 1494 808 1530 et
824 1489 1081 1530 mutabatur
1096 1489 1234 1538 intus,
1251 1487 1328 1527 ubi
1344 1491 1395 1527 tu

86 1549 294 1599 videba53
328 1552 374 1586 et
396 1546 645 1586 exuebatur
660 1545 825 1587 mundo
844 1558 971 1586 mens
991 1546 1107 1594 eius,
1129 1549 1181 1584 ut
1194 1555 1301 1584 mox
1317 1542 1392 1582 ad-

85 1605 249 1657 paruit.
308 1602 511 1656 Namque
536 1602 640 1642 dum
659 1602 794 1656 legit,
822 1607 868 1641 et
888 1601 1032 1641 volvit
1054 1599 1215 1640 fluctus
1240 1598 1391 1638 cordis

88 1660 179 1708 sui,
209 1657 444 1698 infremuit
473 1657 735 1711 aliquando,
776 1662 821 1697 et
853 1657 1069 1698 discrevit
1101 1654 1391 1706 decrevitque

87 1715 294 1764 meliora,
312 1714 489 1766 iamque
507 1718 609 1753 tuus
628 1714 691 1752 ait
708 1714 852 1752 amico
873 1723 975 1752 suo:
1008 1711 1138 1763 „Ego
1156 1711 1246 1749 iam
1263 1709 1391 1748 abru-

85 1771 133 1824 pi
149 1782 219 1809 me
239 1770 291 1809 ab
310 1770 390 1809 illa
406 1781 484 1821 spe
501 1774 677 1817 nostra,
699 1772 744 1807 et
758 1767 857 1807 Deo
877 1767 1047 1806 servire
1066 1767 1224 1815 statui,
1244 1770 1289 1804 et
1305 1763 1392 1804 hoe

89 1838 146 1865 ex
163 1824 274 1865 hora
290 1824 389 1874 hac,
407 1825 453 1863 in
471 1823 556 1863 hoc
573 1824 676 1863 loco
696 1823 954 1876 adgredior.
1013 1823 1080 1862 Te
1099 1822 1137 1861 si
1154 1821 1280 1874 piget
1295 1820 1391 1860 imi-

87 1882 195 1929 tari,
219 1881 315 1920 noli
338 1879 617 1919 adve1·sari.“
674 1878 927 1931 Respondit
947 1877 1046 1926 ille,
1071 1876 1319 1917 adhaerere
1343 1887 1391 1915 se

88 1938 262 1977 socium
280 1941 430 1976 tantae
449 1934 670 1976 mercedis
688 1938 928 1986 tantaeque
946 1933 1150 1974 militiae.
1185 1933 1243 1972 Et
1260 1930 1390 1971 ambo

88 1993 178 2032 iam
195 1994 262 2032 tui
279 1990 578 2031 aedificabant
596 1991 754 2029 turrim·
771 1994 919 2029 sumtu
935 1989 1119 2038 idoneo,
1136 1988 1391 2040 relinquen-

91 2049 138 2088 di
162 2048 312 2087 omnia
334 2059 434 2096 sua,
460 2050 506 2085 et
528 2045 749 2098 sequendi
764 2049 824 2085 te.
884 2046 999 2085 Tum
1017 2044 1322 2092 Pontifianus,
1349 2045 1394 2081 et

93 2106 169 2159 qui
208 2115 308 2143 cum
345 2114 399 2142 eo
437 2113 519 2154 per
549 2102 662 2141 alias
694 2099 815 2141 horti
845 2106 996 2154 partes
1032 2098 1392 2147 deambulabant,

91 2164 361 2214 quaerentes
381 2170 481 2207 eos,
501 2157 779 2197 devenerunt
793 2158 839 2198 in
858 2156 1062 2196 eumdem
1079 2155 1248 2204 locum,
1268 2158 1314 2194 et
1328 2155 1392 2193 in-

89 2217 322 2255 venientes
348 2214 695 2261 admonuerunt,
720 2217 769 2252 ut
790 2213 1009 2262 redirent,
1035 2211 1155 2264 quod
1174 2210 1390 2250 declinas-
