1473 2443
55 148 110 187 54
375 148 653 190 AURELII
681 148 1059 191 AUGUSTIM

56 233 120 272 ait
144 234 330 273 verbum
346 233 448 274 Dei.
508 233 576 272 Ibi
595 233 684 287 fige
702 235 983 274 mansionem
999 240 1143 285 tuam3
1176 234 1236 274 ibi
1259 247 1375 274 com-

56 289 219 329 menda
237 289 457 343 quidquid
476 289 581 328 inde
600 287 762 340 habes,
784 291 931 330 anima
949 303 1070 340 mea,
1097 292 1257 330 saltem
1276 290 1378 330 fati-

55 350 161 398 gata
186 345 398 385 fallaciis.
457 344 659 385 Veritati
685 347 951 386 commenda
974 347 1192 400 quidquid
1210 347 1294 386 tibi
1311 355 1379 386 est

56 414 81 440 a
103 401 316 449 veritate,
342 408 387 441 et
407 413 498 440 non
521 401 685 454 perdes
706 401 898 455 aliquid,
924 408 970 442 et
985 402 1375 455 reflorescentpu-

54 457 142 496 tria
161 464 257 506 tua,
283 462 328 496 et
345 457 623 496 sanabuntur
642 469 796 497 omnes
814 458 1060 511 languores
1079 460 1166 508 tui,
1194 464 1239 498 et
1255 458 1373 497 fluxa

53 520 131 551 tua
148 512 535 562 reformabuntur,
557 518 602 551 et
618 513 977 564 renovabuntur,
999 520 1044 554 et
1062 516 1373 568 constringen-

54 575 126 608 tur
155 568 212 607 ad
235 574 302 619 te3
337 573 382 608 et
404 581 495 608 non
520 573 566 608 te
591 569 822 620 deponent
846 582 933 622 quo
959 570 1260 620 descendunt3
1294 570 1370 609 scd

54 624 239 664 stabunt
255 630 418 674 tecum,
436 630 481 664 et
497 624 828 677 permanebunt
844 625 900 664 ad
919 638 1097 679 semper
1115 630 1307 665 stantem
1323 638 1374 664 ac

51 686 392 732 permanentem
410 679 571 720 Deum.
618 680 678 720 Ut
696 681 803 733 quid
820 693 1037 734 perversa
1055 682 1261 734 sequeris
1282 694 1374 721 car-

52 748 152 775 nem
193 735 343 775 tuam‘}
378 735 481 788 Ipsa
513 741 558 775 te
594 741 812 788 sequatur
846 749 1080 778 conversa.
1144 737 1373 790 Quidquid

51 804 133 844 per
149 792 272 830 illam
293 792 455 841 sentis,
471 792 517 830 in
534 797 664 844 parte
686 796 774 842 est3
799 797 845 832 et
860 793 1047 845 ignoras
1066 797 1226 844 totum,
1247 794 1373 833 cuius

53 847 136 887 hae
156 853 308 901 partes
328 852 449 895 sunt,
471 852 516 887 et
534 847 763 887 delectant
777 852 821 887 te
841 853 1006 889 tamen.
1069 848 1159 890 Sed
1176 850 1215 888 si
1233 849 1288 888 ad
1305 854 1372 888 to-

50 910 145 943 tum
172 902 646 956 comprehendendum
673 908 797 943 esset
818 904 1012 943 idoneus
1037 917 1197 944 sensus
1225 905 1372 944 carnis

51 965 176 1007 tuae,
204 972 256 998 ac
278 971 369 998 non
396 965 441 998 et
462 960 560 1012 ipse
583 960 629 998 in
653 964 781 1012 parte
801 960 1002 1000 universi
1021 961 1275 1014 accepisset
1290 972 1372 1013 pro

50 1027 199 1068 poena
217 1020 295 1054 tua
322 1015 490 1055 iustum
516 1016 720 1065 modum,
743 1016 907 1066 velles,
936 1022 986 1055 ut
1010 1018 1230 1057 transiret
1247 1016 1371 1069 quid-

51 1071 159 1124 quid
176 1071 358 1110 exsistit
376 1072 422 1110 in
440 1072 778 1124 praesentia‚ut
793 1072 939 1125 magis
957 1072 1043 1111 tibi
1059 1073 1209 1112 onmia
1227 1073 1375 1124 plaee-

49 1132 166 1166 rent.
226 1126 340 1168 Nam
371 1132 417 1167 et
447 1127 569 1180 quod
599 1127 829 1180 loquimur
857 1140 939 1180 per
964 1128 1170 1168 eumdem
1195 1141 1375 1168 sensum

51 1184 200 1223 carnis
232 1182 382 1233 audis;
417 1188 462 1223 et
489 1196 580 1222 non
609 1184 678 1222 vis
708 1184 865 1237 utique
893 1188 1014 1224 stare
1041 1184 1263 1237 syllabas,
1295 1183 1377 1223 sed

49 1239 357 1288 transvolare,
383 1244 433 1279 ut
456 1239 574 1279 aliae
599 1240 807 1289 veniant,
835 1244 881 1279 et
905 1244 1050 1279 totum
1075 1239 1247 1279 audias.
1307 1239 1377 1278 Ita

50 1306 230 1348 semper
260 1295 409 1334 omnia
438 1295 600 1347 quibus
624 1308 761 1334 unum
785 1295 959 1348 aliquid
984 1300 1181 1345 constat,
1214 1300 1261 1335 et
1284 1307 1374 1335 non

50 1351 185 1390 simul
214 1356 318 1390 sunt
347 1351 497 1390 omnia
521 1363 576 1390 ea
600 1351 762 1404 quibus
788 1356 988 1401 constat,
1015 1352 1116 1404 plus
1144 1352 1377 1392 delectant

52 1407 202 1445 onmia
227 1419 358 1458 quam
383 1407 584 1460 singula,
611 1407 647 1446 si
672 1407 852 1460 possint
873 1408 1030 1447 sentiri
1059 1408 1221 1447 omnia.
1284 1407 1374 1448 Sed

49 1462 186 1515 longe
207 1461 275 1501 his
294 1462 459 1502 melior
477 1463 554 1515 qui
570 1462 682 1502 fecit
701 1463 866 1513 onmia,
887 1468 931 1503 et
947 1463 1046 1516 ipse
1067 1469 1137 1503 est
1151 1463 1276 1503 Deus
1296 1478 1373 1502 no-

51 1523 164 1567 ster,
191 1524 237 1558 et
253 1530 343 1557 non
363 1518 572 1568 discedit,
593 1519 700 1572 quia
716 1531 800 1558 nec
819 1520 1081 1559 succeditur
1099 1520 1153 1559 ei.
1216 1518 1260 1559 Si
1281 1519 1373 1571 pla-

52 1583 154 1613 cent
174 1586 389 1626 corpora,
407 1574 555 1614 Deum
575 1574 736 1614 exillis
757 1575 908 1624 lauda,
932 1576 1036 1614 etin
1058 1575 1277 1614 artificem
1299 1587 1372 1614 eo-

49 1642 143 1668 rum
171 1636 388 1683 retorque
413 1642 633 1681 amoren13
666 1642 721 1669 ne
743 1631 789 1669 in
809 1629 900 1680 his,
932 1643 1045 1683 quae
1069 1631 1153 1669 tibi
1177 1631 1372 1684 placent,

48 1692 96 1724 tu
130 1685 389 1737 displiceas,

136 1741 182 1780 «1.
207 1740 305 1780 ΧΠ.
367 1740 421 1780 Si
439 1741 654 1793 placent
676 1740 894 1790 animae,
913 1741 963 1779 in
981 1740 1094 1780 Deo
1121 1746 1371 1790 amentur,

51 1797 172 1849 quia
207 1802 259 1835 et
285 1796 437 1849 ipsae
462 1795 750 1836 mutabiles
776 1801 917 1846 sunt,
950 1802 1000 1835 et
1023 1797 1072 1835 in
1099 1797 1199 1836 illo
1224 1796 1370 1837 fixae

50 1851 421 1902 stabiliuntur3
456 1852 698 1904 alioquin
728 1852 889 1900 irent,
920 1858 970 1891 et
999 1853 1256 1904 perirent.
1316 1853 1369 1892 In

48 1907 148 1947 illo
176 1919 300 1961 ergo
327 1912 591 1957 amentur3
613 1912 665 1947 et
682 1918 806 1959 rape
833 1907 894 1946 ad
917 1920 1027 1947 eum
1052 1913 1219 1948 tecum
1247 1922 1370 1961 quas

49 1968 218 2015 potes,
246 1968 297 2002 et
320 1963 403 2002 dic
428 1964 524 2003 eis:
543 1961 678 2002 hunc
702 1974 945 2013 amemus,
970 1962 1102 2003 hunc
1125 1977 1367 2013 amemus3

48 2020 163 2072 ipse
197 2018 332 2058 fecit
364 2017 514 2069 haec,
556 2024 607 2058 et
643 2031 743 2057 non
775 2023 858 2057 est
886 2018 1060 2073 longe.
1120 2019 1222 2059 Non
1250 2020 1367 2059 enim

49 2074 163 2114 feeit
187 2079 320 2127 atque
346 2074 475 2124 abiit,
502 2075 581 2114 sed
607 2086 662 2114 ex
678 2074 760 2113 illo
777 2074 825 2113 in
842 2074 924 2114 illo
947 2080 1065 2115 sunt.
1124 2076 1264 2125 Ecce,
1295 2076 1367 2114 ubi

51 2131 147 2170 est'!
177 2131 255 2170 ubi
273 2131 391 2184 sapit
407 2129 602 2169 veritas‘}
630 2129 817 2169 Intimus
838 2132 966 2171 cordi
986 2135 1073 2180 est3
1106 2131 1186 2170 sed
1205 2144 1284 2171 cor
1304 2144 1370 2169 cr—

48 2187 169 2226 ravit
188 2186 242 2225 ab
264 2198 333 2226 eo.
372 2186 534 2226 Redite
551 2186 945 2240 praevaricatores
965 2186 1022 2226 ad
1041 2198 1133 2234 eor,
1154 2193 1199 2226 et
1216 2186 1367 2226 inhau-

48 2248 146 2282 rete
164 2242 247 2293 illi,
268 2242 342 2296 qui
360 2241 470 2282 fecit
488 2254 583 2282 vos.
634 2240 759 2282 State
779 2254 878 2281 cum
898 2255 968 2292 eo,
990 2247 1035 2282 et
1053 2242 1247 2281 stabitis.
1286 2243 1368 2282 Re-
