<?xml version="1.0" encoding="UTF-8"?>
<!DOCTYPE html PUBLIC "-//W3C//DTD XHTML 1.0 Transitional//EN"
    "http://www.w3.org/TR/xhtml1/DTD/xhtml1-transitional.dtd">
<html xmlns="http://www.w3.org/1999/xhtml" xml:lang="en" lang="en">
 <head>
  <title>
</title>
<meta http-equiv="Content-Type" content="text/html;charset=utf-8" />
  <meta name='ocr-system' content='tesseract 3.04.00' />
  <meta name='ocr-capabilities' content='ocr_page ocr_carea ocr_par ocr_line ocrx_word'/>
</head>
<body>
  <div class='ocr_page' id='page_1' title='image "./saureliiaugustin00augu_0019.png"; bbox 0 0 1514 2438; ppageno 0'>
   <div class='ocr_carea' id='block_1_1' title="bbox 465 114 1358 158">
    <p class='ocr_par' dir='ltr' id='par_1_1' title="bbox 465 114 1358 158">
     <span class='ocr_line' id='line_1_1' title="bbox 465 114 1358 158; baseline 0.002 -4"><span class='ocrx_word' id='word_1_1' title='bbox 465 114 960 158; x_wconf 79' lang='lat' dir='ltr'><strong>ARGUMENTUM.</strong></span> <span class='ocrx_word' id='word_1_2' title='bbox 1300 131 1358 158; x_wconf 66' lang='lat' dir='ltr'><strong>xv</strong></span> 
     </span>
    </p>
   </div>
   <div class='ocr_carea' id='block_1_2' title="bbox 42 197 1367 935">
    <p class='ocr_par' dir='ltr' id='par_1_2' title="bbox 42 197 848 234">
     <span class='ocr_line' id='line_1_2' title="bbox 42 197 848 234; baseline 0 -1"><span class='ocrx_word' id='word_1_3' title='bbox 42 200 84 233; x_wconf 84' lang='lat' dir='ltr'><strong>C.</strong></span> <span class='ocrx_word' id='word_1_4' title='bbox 101 202 133 234; x_wconf 84' lang='lat'><strong>5.</strong></span> <span class='ocrx_word' id='word_1_5' title='bbox 186 198 244 233; x_wconf 87' lang='lat' dir='ltr'><strong>De</strong></span> <span class='ocrx_word' id='word_1_6' title='bbox 263 199 384 232; x_wconf 83' lang='lat' dir='ltr'><strong>causis</strong></span> <span class='ocrx_word' id='word_1_7' title='bbox 401 197 702 234; x_wconf 84' lang='lat' dir='ltr'><strong>abalienantibus</strong></span> <span class='ocrx_word' id='word_1_8' title='bbox 716 212 737 234; x_wconf 87' lang='lat' dir='ltr'><strong>a</strong></span> <span class='ocrx_word' id='word_1_9' title='bbox 754 201 848 234; x_wconf 88' lang='lat' dir='ltr'><strong>Deo.</strong></span> 
     </span>
    </p>

    <p class='ocr_par' dir='ltr' id='par_1_3' title="bbox 42 244 1364 335">
     <span class='ocr_line' id='line_1_3' title="bbox 42 244 1364 282; baseline 0 -2"><span class='ocrx_word' id='word_1_10' title='bbox 42 247 83 280; x_wconf 87' lang='lat' dir='ltr'><strong>C.</strong></span> <span class='ocrx_word' id='word_1_11' title='bbox 102 248 134 280; x_wconf 83' lang='lat'><strong>6.</strong></span> <span class='ocrx_word' id='word_1_12' title='bbox 185 244 364 279; x_wconf 85' lang='lat' dir='ltr'><strong>Narratio</strong></span> <span class='ocrx_word' id='word_1_13' title='bbox 384 245 596 279; x_wconf 86' lang='lat' dir='ltr'><strong>Pontitiani</strong></span> <span class='ocrx_word' id='word_1_14' title='bbox 622 246 666 281; x_wconf 85' lang='lat' dir='ltr'><strong>de</strong></span> <span class='ocrx_word' id='word_1_15' title='bbox 683 247 846 281; x_wconf 89' lang='lat' dir='ltr'><strong>Antonio</strong></span> <span class='ocrx_word' id='word_1_16' title='bbox 872 247 1130 282; x_wconf 89' lang='lat' dir='ltr'><strong>monachorum</strong></span> <span class='ocrx_word' id='word_1_17' title='bbox 1157 252 1308 281; x_wconf 85' lang='lat' dir='ltr'><strong>auctore</strong></span> <span class='ocrx_word' id='word_1_18' title='bbox 1327 253 1364 280; x_wconf 78' lang='lat' dir='ltr'><strong>et</strong></span> 
     </span>
     <span class='ocr_line' id='line_1_4' title="bbox 130 293 633 335; baseline -0.004 -8"><span class='ocrx_word' id='word_1_19' title='bbox 130 294 272 335; x_wconf 84' lang='lat' dir='ltr'><strong>aliquot</strong></span> <span class='ocrx_word' id='word_1_20' title='bbox 289 303 371 325; x_wconf 89' lang='lat' dir='ltr'><strong>eum</strong></span> <span class='ocrx_word' id='word_1_21' title='bbox 388 293 633 326; x_wconf 77' lang='lat' dir='ltr'><strong>imitantibus.</strong></span> 
     </span>
    </p>

    <p class='ocr_par' dir='ltr' id='par_1_4' title="bbox 43 338 1364 420">
     <span class='ocr_line' id='line_1_5' title="bbox 43 338 1364 384; baseline 0.002 -13"><span class='ocrx_word' id='word_1_22' title='bbox 43 339 82 372; x_wconf 91' lang='lat' dir='ltr'><strong>C.</strong></span> <span class='ocrx_word' id='word_1_23' title='bbox 102 341 134 372; x_wconf 73' lang='lat'><strong>7.</strong></span> <span class='ocrx_word' id='word_1_24' title='bbox 186 338 373 382; x_wconf 84' lang='lat' dir='ltr'><strong>Deplorat</strong></span> <span class='ocrx_word' id='word_1_25' title='bbox 390 339 577 373; x_wconf 81' lang='lat' dir='ltr'><strong>miseriam</strong></span> <span class='ocrx_word' id='word_1_26' title='bbox 595 351 712 379; x_wconf 87' lang='lat' dir='ltr'><strong>suam,</strong></span> <span class='ocrx_word' id='word_1_27' title='bbox 725 341 822 384; x_wconf 80' lang='lat' dir='ltr'><strong>quod</strong></span> <span class='ocrx_word' id='word_1_28' title='bbox 840 352 956 376; x_wconf 85' lang='lat' dir='ltr'><strong>annos</strong></span> <span class='ocrx_word' id='word_1_29' title='bbox 973 342 1130 384; x_wconf 78' lang='lat' dir='ltr'><strong>triginta</strong></span> <span class='ocrx_word' id='word_1_30' title='bbox 1148 342 1238 374; x_wconf 87' lang='lat' dir='ltr'><strong>duos</strong></span> <span class='ocrx_word' id='word_1_31' title='bbox 1256 346 1364 374; x_wconf 83' lang='lat' dir='ltr'><strong>natus</strong></span> 
     </span>
     <span class='ocr_line' id='line_1_6' title="bbox 137 385 725 420; baseline 0.002 -1"><span class='ocrx_word' id='word_1_32' title='bbox 137 387 333 419; x_wconf 87' lang='lat' dir='ltr'><strong>veritatem</strong></span> <span class='ocrx_word' id='word_1_33' title='bbox 350 385 511 419; x_wconf 87' lang='lat' dir='ltr'><strong>nondum</strong></span> <span class='ocrx_word' id='word_1_34' title='bbox 528 386 725 420; x_wconf 83' lang='lat' dir='ltr'><strong>invenerit.</strong></span> 
     </span>
    </p>

    <p class='ocr_par' dir='ltr' id='par_1_5' title="bbox 46 432 1365 522">
     <span class='ocr_line' id='line_1_7' title="bbox 46 432 1365 478; baseline 0.002 -13"><span class='ocrx_word' id='word_1_35' title='bbox 46 432 87 465; x_wconf 79' lang='lat' dir='ltr'><strong>C.</strong></span> <span class='ocrx_word' id='word_1_36' title='bbox 108 434 138 466; x_wconf 91' lang='lat'><strong>8.</strong></span> <span class='ocrx_word' id='word_1_37' title='bbox 190 432 459 476; x_wconf 88' lang='lat' dir='ltr'><strong>Disputatione</strong></span> <span class='ocrx_word' id='word_1_38' title='bbox 493 444 573 467; x_wconf 89' lang='lat' dir='ltr'><strong>cum</strong></span> <span class='ocrx_word' id='word_1_39' title='bbox 599 432 739 478; x_wconf 79' lang='lat' dir='ltr'><strong>Alypio</strong></span> <span class='ocrx_word' id='word_1_40' title='bbox 788 434 895 468; x_wconf 86' lang='lat' dir='ltr'><strong>finita</strong></span> <span class='ocrx_word' id='word_1_41' title='bbox 937 435 1100 469; x_wconf 83' lang='lat' dir='ltr'><strong>decessit</strong></span> <span class='ocrx_word' id='word_1_42' title='bbox 1132 437 1170 469; x_wconf 91' lang='lat' dir='ltr'><strong>in</strong></span> <span class='ocrx_word' id='word_1_43' title='bbox 1207 435 1365 474; x_wconf 83' lang='lat' dir='ltr'><strong>hortum,</strong></span> 
     </span>
     <span class='ocr_line' id='line_1_8' title="bbox 136 479 544 522; baseline 0.002 -10"><span class='ocrx_word' id='word_1_44' title='bbox 136 490 206 522; x_wconf 90' lang='lat' dir='ltr'><strong>quo</strong></span> <span class='ocrx_word' id='word_1_45' title='bbox 217 480 384 522; x_wconf 83' lang='lat' dir='ltr'><strong>sequitur</strong></span> <span class='ocrx_word' id='word_1_46' title='bbox 393 479 544 513; x_wconf 87' lang='lat' dir='ltr'><strong>amicus.</strong></span> 
     </span>
    </p>

    <p class='ocr_par' dir='ltr' id='par_1_6' title="bbox 43 526 1142 571">
     <span class='ocr_line' id='line_1_9' title="bbox 43 526 1142 571; baseline 0.003 -12"><span class='ocrx_word' id='word_1_47' title='bbox 43 526 83 559; x_wconf 88' lang='lat' dir='ltr'><strong>C.</strong></span> <span class='ocrx_word' id='word_1_48' title='bbox 103 529 134 560; x_wconf 81' lang='lat'><strong>9.</strong></span> <span class='ocrx_word' id='word_1_49' title='bbox 186 527 292 566; x_wconf 76' lang='lat' dir='ltr'><strong>Quod</strong></span> <span class='ocrx_word' id='word_1_50' title='bbox 310 526 452 559; x_wconf 88' lang='lat' dir='ltr'><strong>animus</strong></span> <span class='ocrx_word' id='word_1_51' title='bbox 470 526 592 561; x_wconf 84' lang='lat' dir='ltr'><strong>animo</strong></span> <span class='ocrx_word' id='word_1_52' title='bbox 609 528 782 571; x_wconf 87' lang='lat' dir='ltr'><strong>imperat,</strong></span> <span class='ocrx_word' id='word_1_53' title='bbox 799 539 873 561; x_wconf 90' lang='lat' dir='ltr'><strong>non</strong></span> <span class='ocrx_word' id='word_1_54' title='bbox 890 540 939 562; x_wconf 79' lang='lat' dir='ltr'><strong>ex</strong></span> <span class='ocrx_word' id='word_1_55' title='bbox 955 532 1034 562; x_wconf 84' lang='lat' dir='ltr'><strong>toto</strong></span> <span class='ocrx_word' id='word_1_56' title='bbox 1053 528 1142 564; x_wconf 82' lang='lat' dir='ltr'><strong>vult.</strong></span> 
     </span>
    </p>

    <p class='ocr_par' dir='ltr' id='par_1_7' title="bbox 44 572 1367 659">
     <span class='ocr_line' id='line_1_10' title="bbox 44 572 1367 610; baseline 0.004 -5"><span class='ocrx_word' id='word_1_57' title='bbox 44 573 83 605; x_wconf 87' lang='lat' dir='ltr'><strong>C.</strong></span> <span class='ocrx_word' id='word_1_58' title='bbox 105 576 159 607; x_wconf 87' lang='grc'><strong>10.</strong></span> <span class='ocrx_word' id='word_1_59' title='bbox 209 573 364 607; x_wconf 83' lang='lat' dir='ltr'><strong>Refutat</strong></span> <span class='ocrx_word' id='word_1_60' title='bbox 387 572 691 610; x_wconf 85' lang='lat' dir='ltr'><strong>Manichaeorum</strong></span> <span class='ocrx_word' id='word_1_61' title='bbox 723 576 948 609; x_wconf 86' lang='lat' dir='ltr'><strong>sententiam</strong></span> <span class='ocrx_word' id='word_1_62' title='bbox 975 576 1019 609; x_wconf 87' lang='lat' dir='ltr'><strong>de</strong></span> <span class='ocrx_word' id='word_1_63' title='bbox 1047 576 1188 610; x_wconf 86' lang='lat' dir='ltr'><strong>duabus</strong></span> <span class='ocrx_word' id='word_1_64' title='bbox 1223 577 1367 610; x_wconf 86' lang='lat' dir='ltr'><strong>naturis</strong></span> 
     </span>
     <span class='ocr_line' id='line_1_11' title="bbox 135 620 787 659; baseline 0.002 -6"><span class='ocrx_word' id='word_1_65' title='bbox 135 621 287 654; x_wconf 88' lang='lat' dir='ltr'><strong>duarum</strong></span> <span class='ocrx_word' id='word_1_66' title='bbox 303 620 492 659; x_wconf 84' lang='lat' dir='ltr'>mentium,</span> <span class='ocrx_word' id='word_1_67' title='bbox 511 623 609 655; x_wconf 88' lang='lat' dir='ltr'><strong>bona</strong></span> <span class='ocrx_word' id='word_1_68' title='bbox 626 624 665 655; x_wconf 88' lang='lat' dir='ltr'><strong>et</strong></span> <span class='ocrx_word' id='word_1_69' title='bbox 680 620 787 655; x_wconf 90' lang='lat' dir='ltr'><strong>mala.</strong></span> 
     </span>
    </p>

    <p class='ocr_par' dir='ltr' id='par_1_8' title="bbox 44 667 1366 757">
     <span class='ocr_line' id='line_1_12' title="bbox 44 667 1366 710; baseline 0.002 -10"><span class='ocrx_word' id='word_1_70' title='bbox 44 667 83 700; x_wconf 85' lang='lat' dir='ltr'><strong>C.</strong></span> <span class='ocrx_word' id='word_1_71' title='bbox 104 671 158 700; x_wconf 93' lang='grc'><strong>11.</strong></span> <span class='ocrx_word' id='word_1_72' title='bbox 210 668 289 706; x_wconf 72' lang='lat' dir='ltr'><strong>Quo</strong></span> <span class='ocrx_word' id='word_1_73' title='bbox 306 667 415 700; x_wconf 91' lang='lat' dir='ltr'><strong>modo</strong></span> <span class='ocrx_word' id='word_1_74' title='bbox 434 667 593 710; x_wconf 82' lang='lat' dir='ltr'><strong>spiritus</strong></span> <span class='ocrx_word' id='word_1_75' title='bbox 610 679 690 702; x_wconf 85' lang='lat' dir='ltr'><strong>cum</strong></span> <span class='ocrx_word' id='word_1_76' title='bbox 708 679 817 703; x_wconf 86' lang='lat' dir='ltr'><strong>carne</strong></span> <span class='ocrx_word' id='word_1_77' title='bbox 834 668 1071 703; x_wconf 87' lang='lat' dir='ltr'><strong>conflictatus</strong></span> <span class='ocrx_word' id='word_1_78' title='bbox 1089 669 1151 709; x_wconf 81' lang='lat' dir='ltr'><strong>sit,</strong></span> <span class='ocrx_word' id='word_1_79' title='bbox 1170 673 1212 703; x_wconf 88' lang='lat' dir='ltr'><strong>ut</strong></span> <span class='ocrx_word' id='word_1_80' title='bbox 1228 668 1366 703; x_wconf 87' lang='lat' dir='ltr'><strong>libera-</strong></span> 
     </span>
     <span class='ocr_line' id='line_1_13' title="bbox 134 712 662 757; baseline -0.004 -10"><span class='ocrx_word' id='word_1_81' title='bbox 134 717 239 748; x_wconf 88' lang='lat' dir='ltr'><strong>retur</strong></span> <span class='ocrx_word' id='word_1_82' title='bbox 255 725 276 747; x_wconf 87' lang='lat' dir='ltr'><strong>a</strong></span> <span class='ocrx_word' id='word_1_83' title='bbox 291 712 452 747; x_wconf 87' lang='lat' dir='ltr'><strong>vinculis</strong></span> <span class='ocrx_word' id='word_1_84' title='bbox 470 724 662 757; x_wconf 81' lang='lat' dir='ltr'><strong>nugarum.</strong></span> 
     </span>
    </p>

    <p class='ocr_par' dir='ltr' id='par_1_9' title="bbox 42 760 1365 935">
     <span class='ocr_line' id='line_1_14' title="bbox 42 760 1365 803; baseline 0.002 -9"><span class='ocrx_word' id='word_1_85' title='bbox 42 762 82 795; x_wconf 88' lang='lat' dir='ltr'><strong>C.</strong></span> <span class='ocrx_word' id='word_1_86' title='bbox 104 765 158 794; x_wconf 81' lang='lat'><strong>12.</strong></span> <span class='ocrx_word' id='word_1_87' title='bbox 208 760 268 793; x_wconf 88' lang='lat' dir='ltr'><strong>Ad</strong></span> <span class='ocrx_word' id='word_1_88' title='bbox 278 760 401 794; x_wconf 85' lang='lat' dir='ltr'><strong>Deum</strong></span> <span class='ocrx_word' id='word_1_89' title='bbox 418 765 595 803; x_wconf 84' lang='lat' dir='ltr'><strong>precatus</strong></span> <span class='ocrx_word' id='word_1_90' title='bbox 613 761 850 796; x_wconf 76' lang='lat' dir='ltr'><strong>lacrimarum</strong></span> <span class='ocrx_word' id='word_1_91' title='bbox 867 762 1023 796; x_wconf 82' lang='lat' dir='ltr'><strong>imbrem</strong></span> <span class='ocrx_word' id='word_1_92' title='bbox 1042 762 1204 802; x_wconf 84' lang='lat' dir='ltr'><strong>effundit</strong></span> <span class='ocrx_word' id='word_1_93' title='bbox 1222 767 1259 796; x_wconf 90' lang='lat' dir='ltr'><strong>et</strong></span> <span class='ocrx_word' id='word_1_94' title='bbox 1276 775 1365 797; x_wconf 83' lang='lat' dir='ltr'><strong>voce</strong></span> 
     </span>
     <span class='ocr_line' id='line_1_15' title="bbox 131 808 1365 853; baseline 0.002 -13"><span class='ocrx_word' id='word_1_95' title='bbox 131 808 344 841; x_wconf 86' lang='lat' dir='ltr'><strong>admonitus</strong></span> <span class='ocrx_word' id='word_1_96' title='bbox 377 809 509 850; x_wconf 84' lang='lat' dir='ltr'><strong>aperto</strong></span> <span class='ocrx_word' id='word_1_97' title='bbox 535 809 663 843; x_wconf 87' lang='lat' dir='ltr'><strong>codice</strong></span> <span class='ocrx_word' id='word_1_98' title='bbox 687 810 781 851; x_wconf 84' lang='lat' dir='ltr'><strong>legit</strong></span> <span class='ocrx_word' id='word_1_99' title='bbox 806 810 921 843; x_wconf 85' lang='lat' dir='ltr'><strong>verba</strong></span> <span class='ocrx_word' id='word_1_100' title='bbox 945 809 1050 842; x_wconf 86' lang='lat' dir='ltr'><strong>Rom.</strong></span> <span class='ocrx_word' id='word_1_101' title='bbox 1071 813 1123 849; x_wconf 88' lang='grc'><strong>13,</strong></span> <span class='ocrx_word' id='word_1_102' title='bbox 1146 814 1197 844; x_wconf 87' lang='grc'><strong>13.</strong></span> <span class='ocrx_word' id='word_1_103' title='bbox 1233 811 1365 853; x_wconf 84' lang='lat' dir='ltr'><strong>quibus</strong></span> 
     </span>
     <span class='ocr_line' id='line_1_16' title="bbox 131 855 1365 899; baseline 0.002 -12"><span class='ocrx_word' id='word_1_104' title='bbox 131 858 210 887; x_wconf 89' lang='lat' dir='ltr'><strong>toto</strong></span> <span class='ocrx_word' id='word_1_105' title='bbox 244 855 366 888; x_wconf 87' lang='lat' dir='ltr'><strong>animo</strong></span> <span class='ocrx_word' id='word_1_106' title='bbox 400 859 643 889; x_wconf 84' lang='lat' dir='ltr'><strong>commutatus</strong></span> <span class='ocrx_word' id='word_1_107' title='bbox 676 857 794 890; x_wconf 86' lang='lat' dir='ltr'><strong>amico</strong></span> <span class='ocrx_word' id='word_1_108' title='bbox 824 859 862 889; x_wconf 87' lang='lat' dir='ltr'><strong>et</strong></span> <span class='ocrx_word' id='word_1_109' title='bbox 884 857 995 890; x_wconf 63' lang='lat' dir='ltr'><strong>&gt;matri</strong></span> <span class='ocrx_word' id='word_1_110' title='bbox 1023 856 1184 890; x_wconf 86' lang='lat' dir='ltr'><strong>divinam</strong></span> <span class='ocrx_word' id='word_1_111' title='bbox 1210 857 1365 899; x_wconf 79' lang='lat' dir='ltr'><strong>gratiam</strong></span> 
     </span>
     <span class='ocr_line' id='line_1_17' title="bbox 131 902 283 935; baseline -0.007 -1"><span class='ocrx_word' id='word_1_112' title='bbox 131 902 283 935; x_wconf 82' lang='lat' dir='ltr'><strong>indicat.</strong></span> 
     </span>
    </p>
   </div>
   <div class='ocr_carea' id='block_1_3' title="bbox 465 983 935 1027">
    <p class='ocr_par' dir='ltr' id='par_1_10' title="bbox 465 983 935 1027">
     <span class='ocr_line' id='line_1_18' title="bbox 465 983 935 1027; baseline 0.006 -3"><span class='ocrx_word' id='word_1_113' title='bbox 465 983 666 1025; x_wconf 88' lang='lat' dir='ltr'>LIBER</span> <span class='ocrx_word' id='word_1_114' title='bbox 695 983 935 1027; x_wconf 88' lang='lat' dir='ltr'><strong>NONUS.</strong></span> 
     </span>
    </p>
   </div>
   <div class='ocr_carea' id='block_1_4' title="bbox 39 1051 1366 2115">
    <p class='ocr_par' dir='ltr' id='par_1_11' title="bbox 39 1051 1363 1239">
     <span class='ocr_line' id='line_1_19' title="bbox 111 1051 1362 1100; baseline 0.002 -15"><span class='ocrx_word' id='word_1_115' title='bbox 111 1051 222 1086; x_wconf 75' lang='lat' dir='ltr'><strong>Dicit</strong></span> <span class='ocrx_word' id='word_1_116' title='bbox 241 1054 283 1086; x_wconf 86' lang='lat' dir='ltr'><strong>de</strong></span> <span class='ocrx_word' id='word_1_117' title='bbox 300 1057 413 1096; x_wconf 80' lang='lat' dir='ltr'><strong>capto</strong></span> <span class='ocrx_word' id='word_1_118' title='bbox 433 1052 591 1088; x_wconf 76' lang='lat' dir='ltr'><strong>consilio</strong></span> <span class='ocrx_word' id='word_1_119' title='bbox 610 1054 825 1088; x_wconf 78' lang='lat' dir='ltr'><strong>rhetoricae</strong></span> <span class='ocrx_word' id='word_1_120' title='bbox 843 1053 1083 1100; x_wconf 77' lang='lat' dir='ltr'><strong>professione</strong></span> <span class='ocrx_word' id='word_1_121' title='bbox 1096 1066 1132 1089; x_wconf 77' lang='lat' dir='ltr'><strong>se</strong></span> <span class='ocrx_word' id='word_1_122' title='bbox 1147 1054 1362 1094; x_wconf 72' lang='lat' dir='ltr'><strong>abdicandz,</strong></span> 
     </span>
     <span class='ocr_line' id='line_1_20' title="bbox 42 1097 1363 1146; baseline 0.003 -14"><span class='ocrx_word' id='word_1_123' title='bbox 42 1101 83 1133; x_wconf 82' lang='lat' dir='ltr'><strong>de</strong></span> <span class='ocrx_word' id='word_1_124' title='bbox 102 1097 314 1132; x_wconf 78' lang='lat' dir='ltr'><strong>amicorum</strong></span> <span class='ocrx_word' id='word_1_125' title='bbox 329 1098 506 1134; x_wconf 79' lang='lat' dir='ltr'><strong>Nebridii</strong></span> <span class='ocrx_word' id='word_1_126' title='bbox 520 1106 560 1135; x_wconf 82' lang='lat' dir='ltr'><strong>et</strong></span> <span class='ocrx_word' id='word_1_127' title='bbox 581 1100 790 1137; x_wconf 71' lang='lat' dir='ltr'><strong>Verecunda·</strong></span> <span class='ocrx_word' id='word_1_128' title='bbox 806 1108 938 1142; x_wconf 82' lang='lat' dir='ltr'><strong>morte,</strong></span> <span class='ocrx_word' id='word_1_129' title='bbox 960 1104 1002 1136; x_wconf 78' lang='lat' dir='ltr'><strong>cie</strong></span> <span class='ocrx_word' id='word_1_130' title='bbox 1019 1101 1248 1146; x_wconf 79' lang='lat' dir='ltr'><strong>baptismate</strong></span> <span class='ocrx_word' id='word_1_131' title='bbox 1266 1114 1363 1136; x_wconf 81' lang='lat' dir='ltr'><strong>anno</strong></span> 
     </span>
     <span class='ocr_line' id='line_1_21' title="bbox 39 1145 1362 1192; baseline 0.004 -14"><span class='ocrx_word' id='word_1_132' title='bbox 39 1145 180 1180; x_wconf 77' lang='lat' dir='ltr'><strong>aetatis</strong></span> <span class='ocrx_word' id='word_1_133' title='bbox 196 1145 381 1180; x_wconf 76' lang='lat' dir='ltr'><strong>tricesimo</strong></span> <span class='ocrx_word' id='word_1_134' title='bbox 402 1147 512 1181; x_wconf 78' lang='lat' dir='ltr'><strong>tertio</strong></span> <span class='ocrx_word' id='word_1_135' title='bbox 532 1154 701 1192; x_wconf 78' lang='lat' dir='ltr'><strong>accepte,</strong></span> <span class='ocrx_word' id='word_1_136' title='bbox 716 1161 763 1183; x_wconf 85' lang='grc' dir='ltr'><strong>αι·</strong></span> <span class='ocrx_word' id='word_1_137' title='bbox 781 1151 821 1183; x_wconf 83' lang='lat' dir='ltr'><strong>de</strong></span> <span class='ocrx_word' id='word_1_138' title='bbox 831 1147 1039 1184; x_wconf 76' lang='lat' dir='ltr'><strong>Monnicae</strong></span> <span class='ocrx_word' id='word_1_139' title='bbox 1056 1149 1193 1184; x_wconf 78' lang='lat' dir='ltr'><strong>matris</strong></span> <span class='ocrx_word' id='word_1_140' title='bbox 1210 1148 1362 1184; x_wconf 74' lang='lat' dir='ltr'><strong>virtuti-</strong></span> 
     </span>
     <span class='ocr_line' id='line_1_22' title="bbox 39 1192 691 1239; baseline 0 -13"><span class='ocrx_word' id='word_1_141' title='bbox 39 1193 101 1227; x_wconf 79' lang='lat' dir='ltr'><strong>bus</strong></span> <span class='ocrx_word' id='word_1_142' title='bbox 119 1197 156 1227; x_wconf 83' lang='lat' dir='ltr'><strong>et</strong></span> <span class='ocrx_word' id='word_1_143' title='bbox 168 1192 285 1227; x_wconf 78' lang='lat' dir='ltr'><strong>obitu.</strong></span> <span class='ocrx_word' id='word_1_144' title='bbox 337 1194 445 1239; x_wconf 80' lang='lat' dir='ltr'><strong>(Pag.</strong></span> <span class='ocrx_word' id='word_1_145' title='bbox 466 1195 691 1238; x_wconf 82' lang='lat'><strong>142—164.)</strong></span> 
     </span>
    </p>

    <p class='ocr_par' dir='ltr' id='par_1_12' title="bbox 42 1240 1366 1277">
     <span class='ocr_line' id='line_1_23' title="bbox 42 1240 1366 1277; baseline 0.003 -4"><span class='ocrx_word' id='word_1_146' title='bbox 42 1240 84 1273; x_wconf 85' lang='lat' dir='ltr'><strong>C.</strong></span> <span class='ocrx_word' id='word_1_147' title='bbox 105 1244 134 1273; x_wconf 93' lang='grc'><strong>1.</strong></span> <span class='ocrx_word' id='word_1_148' title='bbox 185 1240 332 1273; x_wconf 91' lang='lat' dir='ltr'><strong>Laudat</strong></span> <span class='ocrx_word' id='word_1_149' title='bbox 354 1241 475 1274; x_wconf 93' lang='lat' dir='ltr'><strong>Deum</strong></span> <span class='ocrx_word' id='word_1_150' title='bbox 500 1240 631 1276; x_wconf 84' lang='lat' dir='ltr'><strong>salutis</strong></span> <span class='ocrx_word' id='word_1_151' title='bbox 656 1246 845 1277; x_wconf 87' lang='lat' dir='ltr'><strong>auctorem</strong></span> <span class='ocrx_word' id='word_1_152' title='bbox 868 1246 907 1277; x_wconf 83' lang='lat' dir='ltr'><strong>et</strong></span> <span class='ocrx_word' id='word_1_153' title='bbox 928 1242 1053 1277; x_wconf 86' lang='lat' dir='ltr'><strong>Iesum</strong></span> <span class='ocrx_word' id='word_1_154' title='bbox 1072 1242 1262 1277; x_wconf 87' lang='lat' dir='ltr'><strong>Christum</strong></span> <span class='ocrx_word' id='word_1_155' title='bbox 1280 1243 1366 1277; x_wconf 86' lang='lat' dir='ltr'><strong>red-</strong></span> 
     </span>
    </p>

    <p class='ocr_par' dir='ltr' id='par_1_13' title="bbox 135 1289 878 1331">
     <span class='ocr_line' id='line_1_24' title="bbox 135 1289 878 1331; baseline 0.007 -12"><span class='ocrx_word' id='word_1_156' title='bbox 135 1292 322 1327; x_wconf 83' lang='lat' dir='ltr'><strong>emtorem,</strong></span> <span class='ocrx_word' id='word_1_157' title='bbox 342 1299 442 1321; x_wconf 88' lang='lat' dir='ltr'><strong>suam</strong></span> <span class='ocrx_word' id='word_1_158' title='bbox 461 1289 646 1322; x_wconf 89' lang='lat' dir='ltr'><strong>miseriam</strong></span> <span class='ocrx_word' id='word_1_159' title='bbox 664 1301 878 1331; x_wconf 83' lang='lat' dir='ltr'><strong>agnoscens.</strong></span> 
     </span>
    </p>

    <p class='ocr_par' dir='ltr' id='par_1_14' title="bbox 43 1334 1362 1381">
     <span class='ocr_line' id='line_1_25' title="bbox 43 1334 1362 1381; baseline 0.002 -13"><span class='ocrx_word' id='word_1_160' title='bbox 43 1334 85 1368; x_wconf 91' lang='lat' dir='ltr'><strong>C.</strong></span> <span class='ocrx_word' id='word_1_161' title='bbox 104 1337 135 1367; x_wconf 85' lang='lat'><strong>2.</strong></span> <span class='ocrx_word' id='word_1_162' title='bbox 186 1335 341 1367; x_wconf 82' lang='lat' dir='ltr'><strong>Munere</strong></span> <span class='ocrx_word' id='word_1_163' title='bbox 366 1335 516 1377; x_wconf 88' lang='lat' dir='ltr'><strong>publico</strong></span> <span class='ocrx_word' id='word_1_164' title='bbox 537 1347 575 1369; x_wconf 90' lang='lat' dir='ltr'><strong>se</strong></span> <span class='ocrx_word' id='word_1_165' title='bbox 594 1336 795 1370; x_wconf 83' lang='lat' dir='ltr'><strong>abdicandi</strong></span> <span class='ocrx_word' id='word_1_166' title='bbox 813 1336 1008 1372; x_wconf 81' lang='lat' dir='ltr'><strong>consilium</strong></span> <span class='ocrx_word' id='word_1_167' title='bbox 1028 1339 1129 1381; x_wconf 85' lang='lat' dir='ltr'><strong>capit</strong></span> <span class='ocrx_word' id='word_1_168' title='bbox 1146 1338 1257 1371; x_wconf 86' lang='lat' dir='ltr'><strong>etiam</strong></span> <span class='ocrx_word' id='word_1_169' title='bbox 1276 1349 1362 1380; x_wconf 88' lang='lat' dir='ltr'><strong>pro-</strong></span> 
     </span>
    </p>

    <p class='ocr_par' dir='ltr' id='par_1_15' title="bbox 132 1381 715 1423">
     <span class='ocr_line' id='line_1_26' title="bbox 132 1381 715 1423; baseline 0.003 -10"><span class='ocrx_word' id='word_1_170' title='bbox 132 1384 217 1423; x_wconf 84' lang='lat' dir='ltr'><strong>pter</strong></span> <span class='ocrx_word' id='word_1_171' title='bbox 235 1381 419 1423; x_wconf 89' lang='lat' dir='ltr'><strong>pulmonis</strong></span> <span class='ocrx_word' id='word_1_172' title='bbox 434 1382 715 1422; x_wconf 82' lang='lat' dir='ltr'><strong>aegritudinem.</strong></span> 
     </span>
    </p>

    <p class='ocr_par' dir='ltr' id='par_1_16' title="bbox 43 1426 1363 1470">
     <span class='ocr_line' id='line_1_27' title="bbox 43 1426 1363 1470; baseline 0.002 -9"><span class='ocrx_word' id='word_1_173' title='bbox 43 1427 85 1462; x_wconf 87' lang='lat' dir='ltr'><strong>C.</strong></span> <span class='ocrx_word' id='word_1_174' title='bbox 105 1430 135 1461; x_wconf 83' lang='lat'><strong>3.</strong></span> <span class='ocrx_word' id='word_1_175' title='bbox 184 1427 344 1460; x_wconf 87' lang='lat' dir='ltr'><strong>Recedit</strong></span> <span class='ocrx_word' id='word_1_176' title='bbox 367 1428 405 1459; x_wconf 89' lang='lat' dir='ltr'><strong>in</strong></span> <span class='ocrx_word' id='word_1_177' title='bbox 428 1426 557 1460; x_wconf 90' lang='lat' dir='ltr'><strong>villam</strong></span> <span class='ocrx_word' id='word_1_178' title='bbox 575 1430 684 1462; x_wconf 90' lang='lat' dir='ltr'><strong>amici</strong></span> <span class='ocrx_word' id='word_1_179' title='bbox 701 1429 936 1470; x_wconf 74' lang='lat' dir='ltr'><strong>verecundi,</strong></span> <span class='ocrx_word' id='word_1_180' title='bbox 963 1431 1124 1463; x_wconf 89' lang='lat' dir='ltr'><strong>nondum</strong></span> <span class='ocrx_word' id='word_1_181' title='bbox 1144 1429 1363 1470; x_wconf 84' lang='lat' dir='ltr'><strong>Christiani,</strong></span> 
     </span>
    </p>

    <p class='ocr_par' dir='ltr' id='par_1_17' title="bbox 135 1471 1172 1516">
     <span class='ocr_line' id='line_1_28' title="bbox 135 1471 1172 1516; baseline 0.001 -9"><span class='ocrx_word' id='word_1_182' title='bbox 135 1474 239 1507; x_wconf 85' lang='lat' dir='ltr'><strong>cuius</strong></span> <span class='ocrx_word' id='word_1_183' title='bbox 256 1471 503 1516; x_wconf 88' lang='lat' dir='ltr'><strong>Nebridiique</strong></span> <span class='ocrx_word' id='word_1_184' title='bbox 523 1477 800 1509; x_wconf 87' lang='lat' dir='ltr'><strong>conversionem</strong></span> <span class='ocrx_word' id='word_1_185' title='bbox 818 1480 855 1509; x_wconf 90' lang='lat' dir='ltr'><strong>et</strong></span> <span class='ocrx_word' id='word_1_186' title='bbox 871 1479 1025 1510; x_wconf 88' lang='lat' dir='ltr'><strong>mortem</strong></span> <span class='ocrx_word' id='word_1_187' title='bbox 1043 1477 1172 1510; x_wconf 85' lang='lat' dir='ltr'><strong>refert.</strong></span> 
     </span>
    </p>

    <p class='ocr_par' dir='ltr' id='par_1_18' title="bbox 42 1519 1363 1647">
     <span class='ocr_line' id='line_1_29' title="bbox 42 1519 1363 1566; baseline 0.002 -12"><span class='ocrx_word' id='word_1_188' title='bbox 42 1521 80 1554; x_wconf 90' lang='lat' dir='ltr'><strong>C.</strong></span> <span class='ocrx_word' id='word_1_189' title='bbox 99 1524 131 1555; x_wconf 84' lang='lat'><strong>4.</strong></span> <span class='ocrx_word' id='word_1_190' title='bbox 181 1521 279 1553; x_wconf 85' lang='lat' dir='ltr'><strong>Rure</strong></span> <span class='ocrx_word' id='word_1_191' title='bbox 301 1519 424 1553; x_wconf 82' lang='lat' dir='ltr'><strong>literis</strong></span> <span class='ocrx_word' id='word_1_192' title='bbox 447 1532 595 1564; x_wconf 86' lang='lat' dir='ltr'><strong>operam</strong></span> <span class='ocrx_word' id='word_1_193' title='bbox 623 1523 704 1562; x_wconf 84' lang='lat' dir='ltr'><strong>dat,</strong></span> <span class='ocrx_word' id='word_1_194' title='bbox 731 1526 768 1556; x_wconf 87' lang='lat' dir='ltr'><strong>et</strong></span> <span class='ocrx_word' id='word_1_195' title='bbox 791 1522 923 1566; x_wconf 84' lang='lat' dir='ltr'><strong>Alypii</strong></span> <span class='ocrx_word' id='word_1_196' title='bbox 949 1522 1188 1557; x_wconf 84' lang='lat' dir='ltr'><strong>conversione</strong></span> <span class='ocrx_word' id='word_1_197' title='bbox 1211 1522 1363 1558; x_wconf 87' lang='lat' dir='ltr'><strong>laudata</strong></span> 
     </span>
     <span class='ocr_line' id='line_1_30' title="bbox 129 1566 1362 1613; baseline 0.004 -14"><span class='ocrx_word' id='word_1_198' title='bbox 129 1566 321 1600; x_wconf 89' lang='lat' dir='ltr'><strong>Psalmum</strong></span> <span class='ocrx_word' id='word_1_199' title='bbox 340 1572 510 1610; x_wconf 82' lang='lat' dir='ltr'><strong>quartum</strong></span> <span class='ocrx_word' id='word_1_200' title='bbox 527 1568 715 1612; x_wconf 78' lang='lat' dir='ltr'><strong>explicat,</strong></span> <span class='ocrx_word' id='word_1_201' title='bbox 741 1573 829 1603; x_wconf 85' lang='lat' dir='ltr'><strong>tunc</strong></span> <span class='ocrx_word' id='word_1_202' title='bbox 847 1571 1028 1613; x_wconf 87' lang='lat' dir='ltr'><strong>temporis</strong></span> <span class='ocrx_word' id='word_1_203' title='bbox 1049 1569 1177 1604; x_wconf 89' lang='lat' dir='ltr'><strong>dolore</strong></span> <span class='ocrx_word' id='word_1_204' title='bbox 1197 1571 1362 1604; x_wconf 89' lang='lat' dir='ltr'><strong>dentium</strong></span> 
     </span>
     <span class='ocr_line' id='line_1_31' title="bbox 129 1616 303 1647; baseline -0.006 0"><span class='ocrx_word' id='word_1_205' title='bbox 129 1616 303 1647; x_wconf 79' lang='lat' dir='ltr'><strong>vexatus.</strong></span> 
     </span>
    </p>

    <p class='ocr_par' dir='ltr' id='par_1_19' title="bbox 72 1660 1360 1706">
     <span class='ocr_line' id='line_1_32' title="bbox 72 1660 1360 1706; baseline 0.004 -14"><span class='ocrx_word' id='word_1_206' title='bbox 72 1685 80 1692; x_wconf 89' lang='lat'><strong>.</strong></span> <span class='ocrx_word' id='word_1_207' title='bbox 100 1664 130 1695; x_wconf 93' lang='lat'><strong>5.</strong></span> <span class='ocrx_word' id='word_1_208' title='bbox 178 1660 376 1694; x_wconf 86' lang='lat' dir='ltr'><strong>Ambrosio</strong></span> <span class='ocrx_word' id='word_1_209' title='bbox 396 1662 574 1695; x_wconf 85' lang='lat' dir='ltr'><strong>suadente</strong></span> <span class='ocrx_word' id='word_1_210' title='bbox 591 1662 734 1697; x_wconf 86' lang='lat' dir='ltr'><strong>Iesaiae</strong></span> <span class='ocrx_word' id='word_1_211' title='bbox 751 1664 930 1697; x_wconf 83' lang='lat' dir='ltr'><strong>vaticinia</strong></span> <span class='ocrx_word' id='word_1_212' title='bbox 945 1661 1056 1706; x_wconf 76' lang='lat' dir='ltr'><strong>legit,</strong></span> <span class='ocrx_word' id='word_1_213' title='bbox 1081 1675 1149 1697; x_wconf 90' lang='lat' dir='ltr'><strong>nec</strong></span> <span class='ocrx_word' id='word_1_214' title='bbox 1166 1662 1360 1706; x_wconf 79' lang='lat' dir='ltr'><strong>intelligit.</strong></span> 
     </span>
    </p>

    <p class='ocr_par' dir='ltr' id='par_1_20' title="bbox 73 1706 1359 1800">
     <span class='ocr_line' id='line_1_33' title="bbox 73 1706 1359 1754; baseline 0.003 -14"><span class='ocrx_word' id='word_1_215' title='bbox 73 1732 81 1740; x_wconf 91' lang='lat'><strong>.</strong></span> <span class='ocrx_word' id='word_1_216' title='bbox 100 1710 131 1742; x_wconf 88' lang='lat'><strong>6.</strong></span> <span class='ocrx_word' id='word_1_217' title='bbox 180 1706 387 1741; x_wconf 87' lang='lat' dir='ltr'><strong>Mediolani</strong></span> <span class='ocrx_word' id='word_1_218' title='bbox 412 1709 629 1752; x_wconf 87' lang='lat' dir='ltr'><strong>baptizatur</strong></span> <span class='ocrx_word' id='word_1_219' title='bbox 648 1722 728 1743; x_wconf 88' lang='lat' dir='ltr'><strong>cum</strong></span> <span class='ocrx_word' id='word_1_220' title='bbox 745 1710 884 1754; x_wconf 80' lang='lat' dir='ltr'><strong>Alypio</strong></span> <span class='ocrx_word' id='word_1_221' title='bbox 904 1714 941 1743; x_wconf 87' lang='lat' dir='ltr'><strong>et</strong></span> <span class='ocrx_word' id='word_1_222' title='bbox 960 1711 1154 1744; x_wconf 76' lang='lat' dir='ltr'><strong>Adeodato</strong></span> <span class='ocrx_word' id='word_1_223' title='bbox 1174 1710 1272 1750; x_wconf 85' lang='lat' dir='ltr'><strong>filio,</strong></span> <span class='ocrx_word' id='word_1_224' title='bbox 1301 1712 1359 1744; x_wconf 87' lang='lat' dir='ltr'><strong>cui</strong></span> 
     </span>
     <span class='ocr_line' id='line_1_34' title="bbox 130 1752 712 1800; baseline 0.002 -13"><span class='ocrx_word' id='word_1_225' title='bbox 130 1752 266 1787; x_wconf 88' lang='lat' dir='ltr'><strong>librum</strong></span> <span class='ocrx_word' id='word_1_226' title='bbox 286 1756 328 1788; x_wconf 82' lang='lat' dir='ltr'><strong>de</strong></span> <span class='ocrx_word' id='word_1_227' title='bbox 344 1755 527 1798; x_wconf 74' lang='lat' dir='ltr'><strong>Magistro</strong></span> <span class='ocrx_word' id='word_1_228' title='bbox 547 1757 712 1800; x_wconf 86' lang='lat' dir='ltr'><strong>scripsit.</strong></span> 
     </span>
    </p>

    <p class='ocr_par' dir='ltr' id='par_1_21' title="bbox 73 1801 1362 1936">
     <span class='ocr_line' id='line_1_35' title="bbox 73 1801 1362 1848; baseline 0.003 -15"><span class='ocrx_word' id='word_1_229' title='bbox 73 1825 80 1833; x_wconf 93' lang='lat'><strong>.</strong></span> <span class='ocrx_word' id='word_1_230' title='bbox 99 1803 132 1834; x_wconf 76' lang='grc' dir='ltr'><strong>ἵ.</strong></span> <span class='ocrx_word' id='word_1_231' title='bbox 182 1802 240 1834; x_wconf 89' lang='lat' dir='ltr'><strong>De</strong></span> <span class='ocrx_word' id='word_1_232' title='bbox 260 1806 368 1834; x_wconf 87' lang='lat' dir='ltr'><strong>cantu</strong></span> <span class='ocrx_word' id='word_1_233' title='bbox 386 1801 638 1837; x_wconf 79' lang='lat' dir='ltr'><strong>ecclesiastico</strong></span> <span class='ocrx_word' id='word_1_234' title='bbox 657 1802 863 1837; x_wconf 79' lang='lat' dir='ltr'><strong>Mediolani</strong></span> <span class='ocrx_word' id='word_1_235' title='bbox 881 1805 1074 1844; x_wconf 83' lang='lat' dir='ltr'><strong>instituto,</strong></span> <span class='ocrx_word' id='word_1_236' title='bbox 1100 1806 1362 1848; x_wconf 84' lang='lat' dir='ltr'><strong>persecutione</strong></span> 
     </span>
     <span class='ocr_line' id='line_1_36' title="bbox 130 1847 1360 1895; baseline 0.005 -16"><span class='ocrx_word' id='word_1_237' title='bbox 130 1847 326 1880; x_wconf 83' lang='lat' dir='ltr'><strong>Ambrosio</strong></span> <span class='ocrx_word' id='word_1_238' title='bbox 351 1859 420 1891; x_wconf 92' lang='lat' dir='ltr'><strong>per</strong></span> <span class='ocrx_word' id='word_1_239' title='bbox 436 1847 617 1883; x_wconf 87' lang='lat' dir='ltr'><strong>Iustinam</strong></span> <span class='ocrx_word' id='word_1_240' title='bbox 635 1855 744 1890; x_wconf 80' lang='lat' dir='ltr'><strong>mota,</strong></span> <span class='ocrx_word' id='word_1_241' title='bbox 770 1854 807 1884; x_wconf 86' lang='lat' dir='ltr'><strong>et</strong></span> <span class='ocrx_word' id='word_1_242' title='bbox 824 1852 1038 1885; x_wconf 81' lang='lat' dir='ltr'><strong>inventione</strong></span> <span class='ocrx_word' id='word_1_243' title='bbox 1055 1863 1251 1895; x_wconf 86' lang='lat' dir='ltr'><strong>corporum</strong></span> <span class='ocrx_word' id='word_1_244' title='bbox 1271 1852 1360 1884; x_wconf 87' lang='lat' dir='ltr'><strong>duo-</strong></span> 
     </span>
     <span class='ocr_line' id='line_1_37' title="bbox 129 1898 441 1936; baseline 0.003 -9"><span class='ocrx_word' id='word_1_245' title='bbox 129 1905 209 1927; x_wconf 86' lang='lat' dir='ltr'><strong>rum</strong></span> <span class='ocrx_word' id='word_1_246' title='bbox 226 1898 441 1936; x_wconf 83' lang='lat' dir='ltr'><strong>martyrum.</strong></span> 
     </span>
    </p>

    <p class='ocr_par' dir='ltr' id='par_1_22' title="bbox 74 1941 1360 2029">
     <span class='ocr_line' id='line_1_38' title="bbox 74 1941 1360 1989; baseline 0.004 -17"><span class='ocrx_word' id='word_1_247' title='bbox 74 1966 81 1974; x_wconf 88' lang='lat'><strong>.</strong></span> <span class='ocrx_word' id='word_1_248' title='bbox 102 1944 132 1974; x_wconf 91' lang='lat'><strong>8.</strong></span> <span class='ocrx_word' id='word_1_249' title='bbox 182 1941 240 1973; x_wconf 83' lang='lat' dir='ltr'><strong>De</strong></span> <span class='ocrx_word' id='word_1_250' title='bbox 265 1941 401 1974; x_wconf 88' lang='lat' dir='ltr'><strong>Evodii</strong></span> <span class='ocrx_word' id='word_1_251' title='bbox 428 1945 685 1984; x_wconf 85' lang='lat' dir='ltr'><strong>conversione,</strong></span> <span class='ocrx_word' id='word_1_252' title='bbox 719 1946 922 1988; x_wconf 89' lang='lat' dir='ltr'><strong>matrisque</strong></span> <span class='ocrx_word' id='word_1_253' title='bbox 946 1947 1084 1985; x_wconf 90' lang='lat' dir='ltr'><strong>morte,</strong></span> <span class='ocrx_word' id='word_1_254' title='bbox 1109 1957 1189 1979; x_wconf 88' lang='lat' dir='ltr'><strong>cum</strong></span> <span class='ocrx_word' id='word_1_255' title='bbox 1213 1947 1297 1989; x_wconf 85' lang='lat' dir='ltr'><strong>ipso</strong></span> <span class='ocrx_word' id='word_1_256' title='bbox 1322 1946 1360 1978; x_wconf 88' lang='lat' dir='ltr'><strong>in</strong></span> 
     </span>
     <span class='ocr_line' id='line_1_39' title="bbox 129 1987 1260 2029; baseline 0.004 -9"><span class='ocrx_word' id='word_1_257' title='bbox 129 1987 295 2020; x_wconf 77' lang='lat' dir='ltr'><strong>Africam</strong></span> <span class='ocrx_word' id='word_1_258' title='bbox 313 1989 516 2029; x_wconf 87' lang='lat' dir='ltr'><strong>redeuntis,</strong></span> <span class='ocrx_word' id='word_1_259' title='bbox 536 1991 638 2024; x_wconf 86' lang='lat' dir='ltr'><strong>cuius</strong></span> <span class='ocrx_word' id='word_1_260' title='bbox 655 2002 676 2024; x_wconf 89' lang='lat' dir='ltr'><strong>a</strong></span> <span class='ocrx_word' id='word_1_261' title='bbox 692 1992 832 2025; x_wconf 88' lang='lat' dir='ltr'><strong>teneris</strong></span> <span class='ocrx_word' id='word_1_262' title='bbox 850 1993 1104 2026; x_wconf 87' lang='lat' dir='ltr'><strong>educationem</strong></span> <span class='ocrx_word' id='word_1_263' title='bbox 1123 1997 1260 2026; x_wconf 84' lang='lat' dir='ltr'><strong>narrat.</strong></span> 
     </span>
    </p>

    <p class='ocr_par' dir='ltr' id='par_1_23' title="bbox 72 2034 1359 2115">
     <span class='ocr_line' id='line_1_40' title="bbox 72 2034 1359 2114; baseline 0.004 -47"><span class='ocrx_word' id='word_1_264' title='bbox 72 2059 80 2067; x_wconf 88' lang='lat'><strong>.</strong></span> <span class='ocrx_word' id='word_1_265' title='bbox 101 2036 133 2068; x_wconf 85' lang='lat'><strong>9.</strong></span> <span class='ocrx_word' id='word_1_266' title='bbox 184 2034 411 2114; x_wconf 74' lang='lat' dir='ltr'><strong>Laudabilles</strong></span> <span class='ocrx_word' id='word_1_267' title='bbox 435 2038 565 2070; x_wconf 85' lang='lat' dir='ltr'><strong>matris</strong></span> <span class='ocrx_word' id='word_1_268' title='bbox 589 2049 708 2071; x_wconf 88' lang='lat' dir='ltr'><strong>mores</strong></span> <span class='ocrx_word' id='word_1_269' title='bbox 733 2040 975 2081; x_wconf 85' lang='lat' dir='ltr'><strong>prosequitur</strong></span> <span class='ocrx_word' id='word_1_270' title='bbox 992 2040 1144 2083; x_wconf 80' lang='lat' dir='ltr'><strong>eiusque</strong></span> <span class='ocrx_word' id='word_1_271' title='bbox 1162 2041 1295 2073; x_wconf 87' lang='lat' dir='ltr'><strong>merita</strong></span> <span class='ocrx_word' id='word_1_272' title='bbox 1315 2039 1359 2072; x_wconf 89' lang='lat' dir='ltr'><strong>de</strong></span> 
     </span>
     <span class='ocr_line' id='line_1_41' title="bbox 128 2082 433 2115; baseline 0.003 -1"><span class='ocrx_word' id='word_1_273' title='bbox 128 2082 260 2115; x_wconf 87' lang='lat' dir='ltr'><strong>marito</strong></span> <span class='ocrx_word' id='word_1_274' title='bbox 279 2084 317 2114; x_wconf 87' lang='lat' dir='ltr'><strong>et</strong></span> <span class='ocrx_word' id='word_1_275' title='bbox 332 2082 357 2114; x_wconf 90' lang='lat' dir='ltr'>fi</span> <span class='ocrx_word' id='word_1_276' title='bbox 376 2083 433 2115; x_wconf 87' lang='lat' dir='ltr'><strong>iis.</strong></span> 
     </span>
    </p>
   </div>
   <div class='ocr_carea' id='block_1_5' title="bbox 39 1660 68 1741">
    <p class='ocr_par' dir='ltr' id='par_1_24' title="bbox 39 1660 68 1741">
     <span class='ocr_line' id='line_1_42' title="bbox 39 1660 68 1741; textangle 90"><span class='ocrx_word' id='word_1_277' title='bbox 39 1660 68 1741; x_wconf 71' lang='lat'><strong>00</strong></span> 
     </span>
    </p>
   </div>
   <div class='ocr_carea' id='block_1_6' title="bbox 40 1800 68 1834">
    <p class='ocr_par' dir='ltr' id='par_1_25' title="bbox 40 1800 68 1834">
     <span class='ocr_line' id='line_1_43' title="bbox 40 1800 68 1834; textangle 90"><span class='ocrx_word' id='word_1_278' title='bbox 40 1800 68 1834; x_wconf 72' lang='grc' dir='ltr'>Ο</span> 
     </span>
    </p>
   </div>
   <div class='ocr_carea' id='block_1_7' title="bbox 72 2127 1261 2261">
    <p class='ocr_par' dir='ltr' id='par_1_26' title="bbox 72 2127 1261 2261">
     <span class='ocr_line' id='line_1_44' title="bbox 75 2127 1261 2174; baseline 0.004 -14"><span class='ocrx_word' id='word_1_279' title='bbox 75 2154 81 2161; x_wconf 88' lang='grc'><strong>.</strong></span> <span class='ocrx_word' id='word_1_280' title='bbox 102 2131 156 2161; x_wconf 88' lang='grc'><strong>10.</strong></span> <span class='ocrx_word' id='word_1_281' title='bbox 209 2127 446 2172; x_wconf 84' lang='lat' dir='ltr'><strong>colloquium</strong></span> <span class='ocrx_word' id='word_1_282' title='bbox 465 2142 544 2164; x_wconf 88' lang='lat' dir='ltr'><strong>cum</strong></span> <span class='ocrx_word' id='word_1_283' title='bbox 562 2135 678 2165; x_wconf 88' lang='lat' dir='ltr'><strong>matre</strong></span> <span class='ocrx_word' id='word_1_284' title='bbox 699 2133 742 2166; x_wconf 87' lang='lat' dir='ltr'><strong>de</strong></span> <span class='ocrx_word' id='word_1_285' title='bbox 760 2144 873 2174; x_wconf 81' lang='lat' dir='ltr'><strong>regno</strong></span> <span class='ocrx_word' id='word_1_286' title='bbox 892 2132 1079 2167; x_wconf 81' lang='lat' dir='ltr'><strong>coelorum</strong></span> <span class='ocrx_word' id='word_1_287' title='bbox 1097 2133 1261 2167; x_wconf 86' lang='lat' dir='ltr'><strong>habitum</strong></span> 
     </span>
     <span class='ocr_line' id='line_1_45' title="bbox 72 2176 1021 2222; baseline 0.007 -16"><span class='ocrx_word' id='word_1_288' title='bbox 72 2198 79 2206; x_wconf 95' lang='lat'><strong>.</strong></span> <span class='ocrx_word' id='word_1_289' title='bbox 102 2178 153 2207; x_wconf 90' lang='lat' dir='ltr'><strong>ll.</strong></span> <span class='ocrx_word' id='word_1_290' title='bbox 202 2176 324 2209; x_wconf 84' lang='lat' dir='ltr'><strong>Mater</strong></span> <span class='ocrx_word' id='word_1_291' title='bbox 340 2176 508 2211; x_wconf 80' lang='lat' dir='ltr'><strong>febribus</strong></span> <span class='ocrx_word' id='word_1_292' title='bbox 527 2182 702 2222; x_wconf 85' lang='lat' dir='ltr'><strong>correpta</strong></span> <span class='ocrx_word' id='word_1_293' title='bbox 720 2179 837 2212; x_wconf 89' lang='lat' dir='ltr'><strong>Ostiis</strong></span> <span class='ocrx_word' id='word_1_294' title='bbox 856 2180 1021 2213; x_wconf 87' lang='lat' dir='ltr'><strong>moritur.</strong></span> 
     </span>
     <span class='ocr_line' id='line_1_46' title="bbox 72 2223 942 2261; baseline 0.006 -6"><span class='ocrx_word' id='word_1_295' title='bbox 72 2245 81 2255; x_wconf 84' lang='grc'><strong>.</strong></span> <span class='ocrx_word' id='word_1_296' title='bbox 104 2224 154 2254; x_wconf 86' lang='grc'><strong>12.</strong></span> <span class='ocrx_word' id='word_1_297' title='bbox 206 2223 284 2261; x_wconf 71' lang='lat' dir='ltr'><strong>Quo</strong></span> <span class='ocrx_word' id='word_1_298' title='bbox 303 2223 411 2257; x_wconf 89' lang='lat' dir='ltr'><strong>modo</strong></span> <span class='ocrx_word' id='word_1_299' title='bbox 430 2223 573 2259; x_wconf 79' lang='lat' dir='ltr'><strong>luxerit</strong></span> <span class='ocrx_word' id='word_1_300' title='bbox 591 2229 743 2259; x_wconf 85' lang='lat' dir='ltr'><strong>matrem</strong></span> <span class='ocrx_word' id='word_1_301' title='bbox 763 2230 942 2260; x_wconf 84' lang='lat' dir='ltr'><strong>mortuam</strong></span> 
     </span>
    </p>
   </div>
   <div class='ocr_carea' id='block_1_8' title="bbox 38 1940 68 2254">
    <p class='ocr_par' dir='ltr' id='par_1_27' title="bbox 38 1940 68 2254">
     <span class='ocr_line' id='line_1_47' title="bbox 38 1940 68 2254; textangle 90"><span class='ocrx_word' id='word_1_302' title='bbox 38 1940 68 2254; x_wconf 64' lang='lat'><strong>06:000</strong></span> 
     </span>
    </p>
   </div>
  </div>
 </body>
</html>
