1514 2438
256 115 801 159 CONFESSIONUM
831 115 1038 157 LIBER
1068 114 1155 156 III.
1316 114 1367 152 41

49 204 190 247 solvis
210 216 236 244 a
251 202 446 244 vinculis
459 233 470 253 ,
491 214 605 256 quae
628 201 759 242 nobis
778 200 992 251 fecimus,
1012 201 1052 240 si
1068 201 1159 240 iam
1176 211 1267 239 non
1287 200 1371 239 eri-

50 274 206 317 gamus
235 260 451 300 adversus
475 264 521 298 te
542 270 714 297 cornua
735 257 880 298 falsae
904 257 1155 307 libertatis,
1183 255 1373 296 avaritia

47 319 147 372 plus
182 315 399 365 habendi,
437 320 483 355 et
515 314 678 354 damno
707 318 853 354 totum
887 313 1148 362 amittendi,
1182 311 1374 365 amplius

49 373 241 415 amando
259 372 493 426 proprium
511 374 733 421 nostrum,
754 382 887 423 quam
906 374 951 410 te
973 369 1172 409 omnium
1191 367 1375 408 bonum.

132 430 179 470 C.
198 428 275 469 IX.
310 426 401 468 Sed
417 428 537 467 inter
553 424 730 480 flagitia
749 431 795 465 et
815 425 1026 466 facinora
1043 430 1089 466 et
1105 431 1195 464 tam
1210 423 1377 464 multas

46 486 312 539 iniquitates
334 488 436 524 sunt
459 487 650 536 peccata
674 482 1036 535 proficientium,
1069 493 1183 535 quae
1211 493 1237 520 a
1260 480 1377 521 bene

47 540 353 582 iudicantibus
382 544 428 580 et
451 539 768 592 vituperantur
795 550 852 579 ex
874 538 1036 592 regula
1059 536 1376 590 perfectionis,

49 604 95 639 et
112 597 356 638 laudantur
374 608 453 649 spe
472 594 634 649 frugis,
655 595 775 635 sicut
792 592 934 634 herba
953 594 1141 647 segetis.
1199 593 1259 633 Et
1275 598 1380 632 sunt

50 653 271 709 quaedam
290 652 459 693 similia
475 651 550 692 vel
566 650 744 705 flagitio
763 650 837 691 vel
853 649 1073 700 facinori,
1102 654 1147 690 et
1163 661 1255 689 non
1275 658 1380 689 sunt

47 714 256 766 peccata3
291 709 398 763 quia
414 719 499 748 nec
515 712 560 748 te
584 706 841 757 offendunt,
862 706 1111 749 Dominum
1126 704 1276 745 Deum
1301 717 1378 744 no-

47 772 212 816 strum,
253 777 339 805 nec
371 764 545 805 sociale
588 764 892 814 consortium3
940 775 1042 803 cum
1076 761 1381 802 conciliantur

48 824 200 876 aliqua
225 821 271 861 in
294 834 427 861 usum
450 821 572 860 m‘tae
600 832 805 874 congrua
828 818 1049 872 tempori,
1086 823 1132 858 et
1155 817 1380 857 incertum

50 885 120 920 est
135 878 388 918 anlibidine
407 875 629 927 habendi3
650 882 728 916 aut
743 876 990 929 puniuntur
1008 873 1273 928 corrigendi
1291 878 1382 914 stu-

51 935 127 976 dio
160 938 394 987 potestate
422 932 654 982 ordinata,
691 937 738 972 et
761 933 987 972 incertum
1012 937 1083 972 est
1107 944 1163 971 an
1187 930 1380 971 libidine

47 990 258 1031 nocendi.
318 989 468 1030 Multa
483 989 640 1042 itaque
658 986 784 1028 facta
801 1000 916 1041 quae
937 986 1197 1028 hominibus
1215 988 1383 1040 impro-

47 1046 198 1087 banda
214 1045 495 1095 viderentur,
515 1045 784 1085 testimonio
804 1050 883 1085 tuo
905 1044 1158 1097 approbata
1176 1050 1301 1094 sunt3
1336 1047 1382 1082 et

45 1103 189 1144 multa
199 1102 386 1142 laudata
398 1101 452 1141 ab
469 1100 729 1142 hominibus
760 1106 806 1141 te
826 1106 945 1141 teste
967 1101 1257 1140 damnantur:
1279 1112 1380 1139 cum

48 1171 185 1212 saepe
213 1171 262 1199 se
281 1158 416 1199 aliter
434 1156 572 1198 habet
589 1157 769 1211 species
788 1156 899 1197 facti
912 1187 922 1207 ‚
950 1162 995 1198 et
1013 1157 1148 1197 aliter
1166 1155 1379 1196 facientis

46 1216 222 1255 animus
247 1220 382 1268 atque
407 1214 627 1255 articulus
650 1213 819 1254 occulti
841 1213 1080 1267 temporis.
1141 1213 1253 1252 Cum
1268 1223 1380 1252 vero

48 1271 283 1325 aliquidtu
295 1276 484 1325 repente
502 1270 772 1310 inusitatum
788 1275 833 1310 et
848 1269 1146 1323 improvisum
1164 1269 1380 1321 imperas,

48 1330 185 1369 etiam
203 1328 244 1368 si
260 1326 349 1368 hoc
368 1326 614 1380 aliquando
633 1326 844 1376 vetuisti,
873 1325 1078 1379 quamvis
1100 1337 1284 1365 causam
1301 1324 1381 1364 im-

44 1384 164 1438 perii
194 1384 264 1424 tui
295 1396 376 1436 pro
410 1388 618 1436 tempore
653 1382 882 1432 occultes,
919 1387 965 1422 et
991 1381 1195 1434 quamvis
1222 1385 1384 1420 contra

46 1445 230 1494 pactum
256 1439 317 1479 sit
341 1439 601 1492 aliquorum
624 1436 859 1478 hominum
889 1437 1149 1487 societatis;
1183 1436 1283 1490 quis
1303 1435 1381 1475 du-

45 1497 164 1536 bitet
197 1507 299 1535 esse
327 1493 614 1545 faciendum,
648 1494 829 1547 quando
857 1506 912 1535 ea
936 1494 1061 1534 iusta
1087 1497 1159 1533 est
1177 1491 1380 1532 societas

47 1551 295 1601 hominum,
315 1563 430 1605 quae
450 1550 592 1591 servit
608 1550 722 1593 tibi}
753 1549 846 1591 Sed
857 1549 983 1590 beati
1003 1549 1081 1603 qui
1096 1554 1142 1591 te
1161 1548 1380 1602 imperas-

47 1620 95 1648 se
115 1608 279 1648 sciunt.
337 1607 477 1649 Fiunt
494 1607 614 1648 enim
634 1606 787 1648 omnia
805 1618 831 1647 a
848 1604 1155 1649 servientibus
1173 1604 1258 1645 tibi
1269 1634 1280 1655 ,
1305 1604 1379 1644 vel

46 1664 102 1704 ad
121 1662 429 1705 exhibendum
448 1663 572 1717 quod
590 1662 648 1705 ad
665 1674 886 1718 praesens
903 1674 1016 1717 opus
1038 1667 1123 1713 est,
1141 1660 1216 1702 vel
1233 1660 1290 1701 ad
1307 1658 1376 1700 fu-

45 1726 149 1761 tura
171 1719 549 1773 praenuntianda.

131 1776 179 1817 C.
204 1776 261 1817 X.
321 1776 452 1817 Haec
487 1788 574 1830 ego
614 1776 830 1817 nesciens
863 1774 1116 1816 irridebam
1139 1773 1246 1817 illos
1274 1786 1375 1813 san-

47 1839 146 1873 ctos
165 1844 321 1874 servos
341 1838 388 1874 et
404 1831 653 1886 prophetas
678 1837 798 1873 tuos.
833 1831 893 1873 Et
909 1830 1019 1886 quid
1038 1829 1252 1886 agebam,
1277 1842 1378 1869 cum

45 1889 293 1929 irridebam
318 1901 421 1940 eos,
446 1889 538 1929 nisi
553 1894 604 1930 ut
619 1888 840 1929 irriderer
859 1888 940 1930 abs
958 1892 1025 1939 te,
1051 1887 1222 1928 sensim
1242 1891 1376 1939 atque

44 1945 264 1997 paulatim
287 1945 534 1998 perductus
554 1945 612 1986 ad
631 1957 708 1986 eas
725 1957 893 2000 nugas,
920 1948 971 1985 ut
989 1942 1225 1984 crederem
1244 1941 1375 1982 ficum

45 2001 224 2052 plorare
238 2014 338 2041 cum
358 2001 634 2055 decerpitur,
645 2007 692 2043 et
703 2006 895 2042 matrem
914 2001 1011 2042 eius
1024 1999 1233 2040 arborem
1244 1997 1375 2037 lacri-

44 2057 128 2097 mis
165 2057 356 2098 lacteis‘!
397 2057 544 2107 Quam
565 2062 720 2099 tamen
749 2058 884 2098 ficum
910 2056 950 2098 si
983 2055 1264 2097 comedisset
1296 2053 1374 2092 ali-

46 2113 146 2166 quis
164 2119 363 2164 sanctus,
392 2114 544 2155 alieno
562 2126 671 2155 sane
689 2126 781 2154 non
798 2126 880 2154 suo
900 2112 1078 2153 scelere
1097 2111 1373 2163 decerptam,

45 2169 263 2210 misceret
279 2169 546 2220 visceribus,
562 2175 609 2212 et
626 2168 863 2211 anhelaret
881 2169 936 2209 de
952 2169 1035 2208 illa
1051 2166 1257 2221 angelos,
1280 2165 1372 2203 imo

46 2237 155 2266 vero
185 2225 437 2279 particulas
469 2226 562 2268 Dei
584 2225 809 2282 gemendo
835 2225 882 2265 in
908 2224 1117 2266 oratione
1143 2228 1277 2276 atque
1301 2233 1371 2260 ru-
