1473 2443
105 72 185 113 232
432 75 707 117 AURELII
735 77 1101 120 AUGUSTINI

102 158 161 198 ho
169 159 359 200 minibus
373 161 637 212 intimatam,
647 167 697 203 ut
715 162 1021 217 adpellaretur
1036 169 1159 204 terra
1174 162 1415 203 invisibilis

103 221 149 254 et
164 216 497 270 incomposita}

193 271 240 312 C.
268 270 318 312 V.
382 273 436 312 Ut
460 285 558 313 cum
580 275 627 313 in
651 287 706 314 ea
731 275 909 328 quaerit
924 274 1168 328 cogitatio,
1194 273 1301 326 quid
1319 285 1414 313 sen-

109 341 184 366 sus
209 328 433 381 adtingat,
461 335 506 369 et
529 329 639 370 dicit
661 330 766 371 sibi:
798 343 889 371 non
913 335 983 370 est
1004 330 1309 383 intelligibilis
1327 328 1417 369 for-

108 396 194 432 ma,
215 383 332 423 sicut
349 384 454 434 vita,
475 385 593 425 sicut
607 386 797 436 iustitia,
817 386 924 440 quia
942 386 1153 426 materies
1174 390 1243 425 est
1260 397 1420 438 corpo-

105 451 225 488 rum3
258 451 403 492 neque
437 441 688 491 sensibilis,
723 443 935 495 quoniam
969 441 1091 495 quod
1113 441 1341 490 videatur,
1375 445 1421 479 et

107 493 228 546 quod
260 497 483 535 sentiatur
513 497 560 536 in
581 497 801 538 invisibili
824 502 869 537 et
889 498 1193 550 incomposita
1214 509 1305 536 non
1330 502 1418 536 est:

108 550 212 589 dum
236 550 325 589 sibi
347 549 460 592 haec
487 551 597 593 dicit
622 550 815 593 humana
838 553 1082 607 cogitatio,
1108 556 1300 592 conetur
1322 564 1421 591 eam

107 605 180 645 vel
198 618 332 646 nosse
351 607 621 660 ignorando,
640 609 713 648 vel
729 609 941 662 ignorare
960 607 1208 648 noscendo.

193 661 240 700 C.
260 660 333 702 VI.
396 662 490 716 Ego
512 663 860 714 ver0‚Domine,
879 664 919 704 si
935 668 1082 705 totum
1100 663 1321 704 confitear
1337 662 1423 702 tibi

111 729 188 757 ore
207 729 307 757 meo
328 722 373 757 et
391 719 561 759 calamo
581 732 700 771 meo,
719 719 939 775 quidquid
958 720 1013 760 de
1030 719 1120 759 ista
1135 719 1325 759 materia
1343 718 1421 757 do-

108 774 242 813 cuisti
264 786 355 823 me,
381 775 509 815 cuius
533 782 667 816 antea
690 788 853 816 nomen
878 774 1067 816 audiens
1087 780 1132 815 et
1149 788 1239 815 non
1254 774 1421 814 intelli-

108 840 235 882 gens,
254 831 540 872 narrantibus
559 831 670 873 mihi
688 833 754 873 eis
773 833 848 886 qui
867 844 957 872 non
975 831 1302 884 intelligerent,
1322 842 1421 869 eam

110 897 209 924 cum
240 885 478 939 speciebus
510 888 757 928 innumeris
793 893 838 928 et
869 888 1007 928 variis
1035 886 1307 941 cogitabam.
1365 885 1425 924 Et

108 940 212 980 ideo
246 953 335 980 non
370 953 468 981 eam
501 944 776 997 cogitabam3
807 942 968 984 foedas
995 950 1040 983 et
1062 942 1306 982 horribiles
1330 939 1422 980 for-

109 1008 203 1036 mas
226 997 501 1049 perturbatis
526 999 759 1040 ordinibus
779 998 993 1039 volvebat
1010 1000 1206 1048 animus,
1232 997 1311 1038 sed
1331 996 1422 1036 for-

107 1064 202 1091 mas
225 1058 395 1103 tamen;
428 1058 473 1093 et
490 1053 684 1095 informe
709 1054 1015 1107 adpellabam,
1040 1067 1130 1093 non
1155 1053 1276 1107 quod
1300 1064 1421 1092 care-

106 1112 179 1147 ret
199 1107 365 1157 forma,
393 1109 474 1149 sed
497 1110 617 1163 quod
640 1110 777 1151 talem
799 1108 1008 1159 haberet,
1032 1115 1082 1148 ut
1105 1111 1143 1149 si
1165 1109 1421 1162 adpareret,

106 1163 341 1203 insolitum
359 1168 404 1204 et
419 1165 717 1219 incongruum
735 1170 1022 1206 aversaretur
1039 1177 1198 1205 sensus
1215 1177 1358 1213 meus,
1379 1168 1425 1203 et

111 1219 459 1260 conturbaretur
478 1221 715 1262 infirmitas
738 1220 948 1262 hominis.
1006 1219 1174 1262 Verum
1198 1225 1347 1260 autem
1370 1219 1421 1258 il·

110 1275 206 1324 lud,
232 1276 353 1329 quod
379 1277 657 1329 cogitabam,
680 1290 770 1317 non
792 1276 1047 1331 privatione
1066 1276 1211 1316 omnis
1229 1275 1419 1324 formae,

109 1330 189 1370 sed
208 1334 547 1384 comparatione
566 1332 891 1374 formosiorum
909 1337 1007 1373 erat
1021 1331 1234 1373 informe:
1260 1336 1306 1371 et
1322 1340 1424 1371 sua-

110 1386 245 1426 debat
255 1400 362 1427 vera
379 1389 512 1438 ratic,
526 1394 576 1429 ut
594 1391 738 1430 omnis
756 1389 930 1430 formae
951 1388 1302 1442 qualescumque
1318 1385 1421 1426 reli-

110 1442 238 1494 quias
259 1444 440 1484 omnino
462 1443 762 1495 detraherem,
782 1445 822 1486 si
839 1445 1004 1485 vellem
1021 1456 1207 1497 prorsus
1225 1442 1419 1483 informe

111 1498 335 1551 cogitare3
374 1505 418 1539 et
456 1513 546 1540 non
583 1507 804 1554 poteram.
866 1501 1011 1541 Citius
1046 1501 1164 1540 enim
1196 1512 1285 1539 non
1319 1509 1419 1538 esse

111 1554 370 1604 censebam,
396 1556 517 1609 quod
540 1558 662 1597 omni
684 1557 831 1597 forma
848 1556 1123 1610 privaretur,
1148 1567 1281 1608 quam
1298 1553 1420 1606 cogi-

107 1610 257 1649 tabam
282 1611 493 1662 quiddam
514 1614 634 1652 inter
656 1612 901 1654 formatum
925 1616 970 1652 et
991 1610 1125 1660 nihil,
1150 1622 1233 1649 nec
1256 1608 1419 1648 forma·

106 1669 201 1703 tum
220 1678 302 1705 nec
320 1665 446 1716 nihil,
465 1667 659 1708 informe
677 1681 817 1722 prope
835 1665 962 1708 nihil'.
1006 1666 1065 1706 Et
1082 1665 1278 1705 cessavit
1293 1675 1419 1703 mens

108 1732 209 1759 mea
224 1720 508 1775 interrogare
528 1722 631 1764 hinc
650 1724 856 1777 spiritum
871 1735 1041 1772 meum,
1063 1721 1245 1775 plenum
1261 1719 1419 1772 imagi-

107 1776 239 1815 nibus
259 1775 557 1818 formatorum
577 1792 839 1833 corporum,
859 1783 903 1818 et
922 1791 998 1818 eas
1016 1790 1097 1830 pro
1118 1776 1306 1816 arbitrio
1325 1787 1419 1814 mu-

105 1836 276 1871 tantem
300 1837 434 1885 atque
458 1835 727 1885 variantem3
761 1840 806 1875 et
826 1833 1002 1873 intendi
1023 1834 1070 1872 in
1090 1834 1191 1886 ipsa
1208 1842 1417 1884 corpora,

109 1899 353 1940 eorumque
372 1890 720 1931 mutabilitatem
737 1890 872 1930 altius
889 1889 1083 1942 inspexi,
1103 1900 1190 1941 qua
1208 1887 1419 1926 desinunt

110 1954 210 1982 6556
238 1943 357 1996 quod
375 1943 574 1994 fuerant,
602 1951 646 1986 et
663 1946 885 1998 incipiunt
903 1957 1003 1985 6556
1023 1944 1145 1999 quod
1162 1955 1251 1983 non
1270 1946 1416 1989 erant3

110 1998 402 2054 eumdemque
423 2001 660 2041 transitum
675 2001 729 2041 de
747 2001 895 2041 forma
910 2001 957 2040 in
974 2000 1165 2040 formam
1180 2010 1261 2051 per
1277 1995 1416 2036 infor-

108 2066 176 2095 me
211 2056 420 2110 quiddam
452 2057 551 2096 fieri
582 2059 836 2110 suspicatus
866 2070 985 2107 sum,
1015 2069 1105 2096 non
1131 2065 1212 2107 per
1235 2051 1416 2093 omnino

108 2110 238 2162 nihi13
273 2113 354 2152 sed
377 2125 511 2152 nosse
533 2113 788 2166 cupiebam,
814 2126 904 2153 non
923 2110 1159 2164 suspicari.
1217 2108 1277 2148 Et
1294 2107 1416 2147 sito-

109 2173 200 2206 tum
223 2169 305 2208 tibi
329 2168 599 2209 confiteatur
622 2181 711 2211 vox
733 2174 778 2210 et
794 2169 925 2209 stilus
949 2180 1098 2218 meus,
1125 2162 1340 2219 quidquid
1362 2162 1418 2202 de
