<?xml version="1.0" encoding="UTF-8"?>
<!DOCTYPE html PUBLIC "-//W3C//DTD XHTML 1.0 Transitional//EN"
    "http://www.w3.org/TR/xhtml1/DTD/xhtml1-transitional.dtd">
<html xmlns="http://www.w3.org/1999/xhtml" xml:lang="en" lang="en">
 <head>
  <title>
</title>
<meta http-equiv="Content-Type" content="text/html;charset=utf-8" />
  <meta name='ocr-system' content='tesseract 3.04.00' />
  <meta name='ocr-capabilities' content='ocr_page ocr_carea ocr_par ocr_line ocrx_word'/>
</head>
<body>
  <div class='ocr_page' id='page_1' title='image "./saureliiaugustin00augu_0127.png"; bbox 0 0 1514 2438; ppageno 0'>
   <div class='ocr_carea' id='block_1_1' title="bbox 291 133 1409 182">
    <p class='ocr_par' dir='ltr' id='par_1_1' title="bbox 291 133 1409 182">
     <span class='ocr_line' id='line_1_1' title="bbox 291 133 1409 182; baseline -0.01 0"><span class='ocrx_word' id='word_1_1' title='bbox 291 137 839 182; x_wconf 86' lang='lat' dir='ltr'><strong>CONFESSIONUM</strong></span> <span class='ocrx_word' id='word_1_2' title='bbox 868 135 1081 178; x_wconf 82' lang='lat' dir='ltr'><strong>LIBER</strong></span> <span class='ocrx_word' id='word_1_3' title='bbox 1111 133 1209 175; x_wconf 89' lang='lat' dir='ltr'>VII.</span> <span class='ocrx_word' id='word_1_4' title='bbox 1336 134 1409 172; x_wconf 75' lang='lat'>101</span> 
     </span>
    </p>
   </div>
   <div class='ocr_carea' id='block_1_2' title="bbox 85 217 1430 2298">
    <p class='ocr_par' dir='ltr' id='par_1_2' title="bbox 85 217 1429 2061">
     <span class='ocr_line' id='line_1_2' title="bbox 87 217 1412 276; baseline -0.006 -10"><span class='ocrx_word' id='word_1_5' title='bbox 87 233 235 267; x_wconf 85' lang='lat' dir='ltr'>tamen</span> <span class='ocrx_word' id='word_1_6' title='bbox 271 226 331 266; x_wconf 89' lang='lat' dir='ltr'>sit</span> <span class='ocrx_word' id='word_1_7' title='bbox 362 226 494 266; x_wconf 77' lang='lat' dir='ltr'>locus</span> <span class='ocrx_word' id='word_1_8' title='bbox 522 224 694 275; x_wconf 88' lang='lat' dir='ltr'>inanis,</span> <span class='ocrx_word' id='word_1_9' title='bbox 734 228 966 276; x_wconf 79' lang='lat' dir='ltr'>tamquam</span> <span class='ocrx_word' id='word_1_10' title='bbox 999 220 1252 274; x_wconf 86' lang='lat' dir='ltr'>spatiosum</span> <span class='ocrx_word' id='word_1_11' title='bbox 1283 217 1412 258; x_wconf 86' lang='lat' dir='ltr'>nihil.</span> 
     </span>
     <span class='ocr_line' id='line_1_3' title="bbox 90 274 1415 337; baseline -0.008 -14"><span class='ocrx_word' id='word_1_12' title='bbox 90 283 185 337; x_wconf 79' lang='lat' dir='ltr'>Ego</span> <span class='ocrx_word' id='word_1_13' title='bbox 215 283 370 336; x_wconf 87' lang='lat' dir='ltr'>itaque</span> <span class='ocrx_word' id='word_1_14' title='bbox 393 281 675 322; x_wconf 77' lang='lat' dir='ltr'>incrassatus</span> <span class='ocrx_word' id='word_1_15' title='bbox 700 279 859 328; x_wconf 89' lang='lat' dir='ltr'>corde,</span> <span class='ocrx_word' id='word_1_16' title='bbox 893 290 978 318; x_wconf 90' lang='lat' dir='ltr'>nec</span> <span class='ocrx_word' id='word_1_17' title='bbox 1000 275 1208 317; x_wconf 83' lang='lat' dir='ltr'>mihimet</span> <span class='ocrx_word' id='word_1_18' title='bbox 1228 275 1319 328; x_wconf 74' lang='lat' dir='ltr'>ipsi</span> <span class='ocrx_word' id='word_1_19' title='bbox 1340 274 1415 313; x_wconf 66' lang='lat' dir='ltr'>vel</span> 
     </span>
     <span class='ocr_line' id='line_1_4' title="bbox 85 330 1415 393; baseline -0.008 -14"><span class='ocrx_word' id='word_1_20' title='bbox 85 340 185 393; x_wconf 86' lang='lat' dir='ltr'>ipse</span> <span class='ocrx_word' id='word_1_21' title='bbox 214 339 511 392; x_wconf 89' lang='lat' dir='ltr'>conspicuus,</span> <span class='ocrx_word' id='word_1_22' title='bbox 544 335 767 390; x_wconf 87' lang='lat' dir='ltr'>quidquid</span> <span class='ocrx_word' id='word_1_23' title='bbox 790 348 880 374; x_wconf 92' lang='lat' dir='ltr'>non</span> <span class='ocrx_word' id='word_1_24' title='bbox 904 347 991 387; x_wconf 84' lang='lat' dir='ltr'>per</span> <span class='ocrx_word' id='word_1_25' title='bbox 1009 334 1242 386; x_wconf 84' lang='lat' dir='ltr'>aliquanta</span> <span class='ocrx_word' id='word_1_26' title='bbox 1265 330 1415 384; x_wconf 81' lang='lat' dir='ltr'>spatia</span> 
     </span>
     <span class='ocr_line' id='line_1_5' title="bbox 85 386 1418 444; baseline -0.008 -9"><span class='ocrx_word' id='word_1_27' title='bbox 85 395 373 444; x_wconf 85' lang='lat' dir='ltr'>tenderetur,</span> <span class='ocrx_word' id='word_1_28' title='bbox 392 393 466 434; x_wconf 79' lang='lat' dir='ltr'>vel</span> <span class='ocrx_word' id='word_1_29' title='bbox 481 393 838 441; x_wconf 81' lang='lat' dir='ltr'>diffunderetur,</span> <span class='ocrx_word' id='word_1_30' title='bbox 860 392 932 430; x_wconf 81' lang='lat' dir='ltr'>vel</span> <span class='ocrx_word' id='word_1_31' title='bbox 950 388 1323 442; x_wconf 80' lang='lat' dir='ltr'>conglobaretur,</span> <span class='ocrx_word' id='word_1_32' title='bbox 1343 386 1418 425; x_wconf 70' lang='lat' dir='ltr'>vel</span> 
     </span>
     <span class='ocr_line' id='line_1_6' title="bbox 86 448 1416 502; baseline -0.008 -10"><span class='ocrx_word' id='word_1_33' title='bbox 86 456 303 500; x_wconf 81' lang='lat' dir='ltr'>tumeret,</span> <span class='ocrx_word' id='word_1_34' title='bbox 327 450 401 490; x_wconf 80' lang='lat' dir='ltr'>vel</span> <span class='ocrx_word' id='word_1_35' title='bbox 423 450 513 490; x_wconf 88' lang='lat' dir='ltr'>tale</span> <span class='ocrx_word' id='word_1_36' title='bbox 541 448 717 502; x_wconf 89' lang='lat' dir='ltr'>aliquid</span> <span class='ocrx_word' id='word_1_37' title='bbox 741 453 927 500; x_wconf 87' lang='lat' dir='ltr'>caperet</span> <span class='ocrx_word' id='word_1_38' title='bbox 950 452 1028 485; x_wconf 88' lang='lat' dir='ltr'>aut</span> <span class='ocrx_word' id='word_1_39' title='bbox 1052 456 1216 497; x_wconf 83' lang='lat' dir='ltr'>capere</span> <span class='ocrx_word' id='word_1_40' title='bbox 1239 451 1416 498; x_wconf 78' lang='lat' dir='ltr'>posset,</span> 
     </span>
     <span class='ocr_line' id='line_1_7' title="bbox 87 499 1417 561; baseline -0.007 -14"><span class='ocrx_word' id='word_1_41' title='bbox 87 507 201 548; x_wconf 89' lang='lat' dir='ltr'>nihil</span> <span class='ocrx_word' id='word_1_42' title='bbox 224 519 411 561; x_wconf 90' lang='lat' dir='ltr'>prorsus</span> <span class='ocrx_word' id='word_1_43' title='bbox 440 518 541 546; x_wconf 92' lang='lat' dir='ltr'>esse</span> <span class='ocrx_word' id='word_1_44' title='bbox 568 504 836 545; x_wconf 86' lang='lat' dir='ltr'>arbitrabar.</span> <span class='ocrx_word' id='word_1_45' title='bbox 897 502 988 542; x_wconf 85' lang='lat' dir='ltr'>Per</span> <span class='ocrx_word' id='word_1_46' title='bbox 1010 501 1168 554; x_wconf 87' lang='lat' dir='ltr'>quales</span> <span class='ocrx_word' id='word_1_47' title='bbox 1188 501 1307 540; x_wconf 90' lang='lat' dir='ltr'>enim</span> <span class='ocrx_word' id='word_1_48' title='bbox 1325 499 1417 539; x_wconf 80' lang='lat' dir='ltr'>for-</span> 
     </span>
     <span class='ocr_line' id='line_1_8' title="bbox 88 556 1419 614; baseline -0.007 -11"><span class='ocrx_word' id='word_1_49' title='bbox 88 576 185 604; x_wconf 83' lang='lat' dir='ltr'>mas</span> <span class='ocrx_word' id='word_1_50' title='bbox 203 563 270 602; x_wconf 89' lang='lat' dir='ltr'>ire</span> <span class='ocrx_word' id='word_1_51' title='bbox 290 563 443 602; x_wconf 90' lang='lat' dir='ltr'>solent</span> <span class='ocrx_word' id='word_1_52' title='bbox 467 562 591 602; x_wconf 90' lang='lat' dir='ltr'>oculi</span> <span class='ocrx_word' id='word_1_53' title='bbox 607 562 717 609; x_wconf 88' lang='lat' dir='ltr'>mei,</span> <span class='ocrx_word' id='word_1_54' title='bbox 742 572 823 614; x_wconf 89' lang='lat' dir='ltr'>per</span> <span class='ocrx_word' id='word_1_55' title='bbox 841 560 959 599; x_wconf 87' lang='lat' dir='ltr'>tales</span> <span class='ocrx_word' id='word_1_56' title='bbox 977 559 1202 611; x_wconf 79' lang='lat' dir='ltr'>imagines</span> <span class='ocrx_word' id='word_1_57' title='bbox 1221 556 1319 596; x_wconf 86' lang='lat' dir='ltr'>ibat</span> <span class='ocrx_word' id='word_1_58' title='bbox 1338 569 1388 595; x_wconf 63' lang='lat' dir='ltr'>ce</span> <span class='ocrx_word' id='word_1_59' title='bbox 1401 569 1419 594; x_wconf 70' lang='grc' dir='ltr'>ι·</span> 
     </span>
     <span class='ocr_line' id='line_1_9' title="bbox 90 614 1422 669; baseline -0.007 -10"><span class='ocrx_word' id='word_1_60' title='bbox 90 632 259 669; x_wconf 80' lang='lat' dir='ltr'>meum3</span> <span class='ocrx_word' id='word_1_61' title='bbox 285 631 370 659; x_wconf 90' lang='lat' dir='ltr'>nec</span> <span class='ocrx_word' id='word_1_62' title='bbox 388 619 613 668; x_wconf 78' lang='lat' dir='ltr'>videbam,</span> <span class='ocrx_word' id='word_1_63' title='bbox 634 616 750 658; x_wconf 87' lang='lat' dir='ltr'>hanc</span> <span class='ocrx_word' id='word_1_64' title='bbox 767 615 973 656; x_wconf 87' lang='lat' dir='ltr'>eamdem</span> <span class='ocrx_word' id='word_1_65' title='bbox 991 614 1310 662; x_wconf 87' lang='lat' dir='ltr'>intentionem,</span> <span class='ocrx_word' id='word_1_66' title='bbox 1331 624 1422 665; x_wconf 79' lang='lat' dir='ltr'>qua</span> 
     </span>
     <span class='ocr_line' id='line_1_10' title="bbox 90 668 1419 729; baseline -0.007 -13"><span class='ocrx_word' id='word_1_67' title='bbox 90 676 194 715; x_wconf 86' lang='lat' dir='ltr'>illas</span> <span class='ocrx_word' id='word_1_68' title='bbox 212 676 337 728; x_wconf 85' lang='lat' dir='ltr'>ipsas</span> <span class='ocrx_word' id='word_1_69' title='bbox 356 676 582 729; x_wconf 83' lang='lat' dir='ltr'>imagines</span> <span class='ocrx_word' id='word_1_70' title='bbox 602 673 872 722; x_wconf 85' lang='lat' dir='ltr'>formabam,</span> <span class='ocrx_word' id='word_1_71' title='bbox 885 684 975 711; x_wconf 92' lang='lat' dir='ltr'>non</span> <span class='ocrx_word' id='word_1_72' title='bbox 994 683 1097 711; x_wconf 82' lang='lat' dir='ltr'>esse</span> <span class='ocrx_word' id='word_1_73' title='bbox 1115 669 1208 709; x_wconf 89' lang='lat' dir='ltr'>tale</span> <span class='ocrx_word' id='word_1_74' title='bbox 1229 668 1419 722; x_wconf 78' lang='lat' dir='ltr'>ahquid,</span> 
     </span>
     <span class='ocr_line' id='line_1_11' title="bbox 92 727 1420 785; baseline -0.007 -13"><span class='ocrx_word' id='word_1_75' title='bbox 92 744 206 785; x_wconf 84' lang='lat' dir='ltr'>quae</span> <span class='ocrx_word' id='word_1_76' title='bbox 232 738 385 771; x_wconf 88' lang='lat' dir='ltr'>tamen</span> <span class='ocrx_word' id='word_1_77' title='bbox 411 732 535 785; x_wconf 85' lang='lat' dir='ltr'>ipsas</span> <span class='ocrx_word' id='word_1_78' title='bbox 560 743 653 770; x_wconf 90' lang='lat' dir='ltr'>non</span> <span class='ocrx_word' id='word_1_79' title='bbox 677 729 921 778; x_wconf 84' lang='lat' dir='ltr'>formaret,</span> <span class='ocrx_word' id='word_1_80' title='bbox 947 727 1038 767; x_wconf 88' lang='lat' dir='ltr'>nisi</span> <span class='ocrx_word' id='word_1_81' title='bbox 1064 732 1188 766; x_wconf 87' lang='lat' dir='ltr'>esset</span> <span class='ocrx_word' id='word_1_82' title='bbox 1204 738 1420 779; x_wconf 80' lang='lat' dir='ltr'>magnum</span> 
     </span>
     <span class='ocr_line' id='line_1_12' title="bbox 91 781 1422 841; baseline -0.006 -14"><span class='ocrx_word' id='word_1_83' title='bbox 91 787 279 841; x_wconf 85' lang='lat' dir='ltr'>aliquid.</span> <span class='ocrx_word' id='word_1_84' title='bbox 340 787 409 827; x_wconf 90' lang='lat' dir='ltr'>Ita</span> <span class='ocrx_word' id='word_1_85' title='bbox 428 787 565 828; x_wconf 87' lang='lat' dir='ltr'>etiam</span> <span class='ocrx_word' id='word_1_86' title='bbox 585 792 651 836; x_wconf 87' lang='lat' dir='ltr'>te,</span> <span class='ocrx_word' id='word_1_87' title='bbox 676 786 771 825; x_wconf 72' lang='lat' dir='ltr'>rita</span> <span class='ocrx_word' id='word_1_88' title='bbox 787 786 908 824; x_wconf 56' lang='lat' dir='ltr'>witae</span> <span class='ocrx_word' id='word_1_89' title='bbox 927 795 1076 833; x_wconf 85' lang='lat' dir='ltr'>meae,</span> <span class='ocrx_word' id='word_1_90' title='bbox 1100 781 1319 836; x_wconf 85' lang='lat' dir='ltr'>grandem</span> <span class='ocrx_word' id='word_1_91' title='bbox 1337 793 1422 834; x_wconf 69' lang='lat' dir='ltr'>per</span> 
     </span>
     <span class='ocr_line' id='line_1_13' title="bbox 89 840 1424 897; baseline -0.005 -14"><span class='ocrx_word' id='word_1_92' title='bbox 89 844 270 883; x_wconf 86' lang='lat' dir='ltr'>infinita</span> <span class='ocrx_word' id='word_1_93' title='bbox 299 844 447 897; x_wconf 88' lang='lat' dir='ltr'>spatia</span> <span class='ocrx_word' id='word_1_94' title='bbox 478 842 677 896; x_wconf 88' lang='lat' dir='ltr'>undique</span> <span class='ocrx_word' id='word_1_95' title='bbox 711 840 972 895; x_wconf 71' lang='lat' dir='ltr'>cogitabam</span> <span class='ocrx_word' id='word_1_96' title='bbox 1003 844 1246 893; x_wconf 85' lang='lat' dir='ltr'>penetrare</span> <span class='ocrx_word' id='word_1_97' title='bbox 1273 844 1424 878; x_wconf 85' lang='lat' dir='ltr'>totam</span> 
     </span>
     <span class='ocr_line' id='line_1_14' title="bbox 91 894 1423 950; baseline -0.005 -11"><span class='ocrx_word' id='word_1_98' title='bbox 91 900 248 940; x_wconf 88' lang='lat' dir='ltr'>mundi</span> <span class='ocrx_word' id='word_1_99' title='bbox 273 900 463 949; x_wconf 89' lang='lat' dir='ltr'>molem,</span> <span class='ocrx_word' id='word_1_100' title='bbox 497 905 542 939; x_wconf 89' lang='lat' dir='ltr'>et</span> <span class='ocrx_word' id='word_1_101' title='bbox 568 903 699 938; x_wconf 80' lang='lat' dir='ltr'>extra</span> <span class='ocrx_word' id='word_1_102' title='bbox 724 910 825 938; x_wconf 86' lang='lat' dir='ltr'>eam</span> <span class='ocrx_word' id='word_1_103' title='bbox 847 907 1210 950; x_wconf 85' lang='lat' dir='ltr'>quaquaversum</span> <span class='ocrx_word' id='word_1_104' title='bbox 1237 906 1317 947; x_wconf 87' lang='lat' dir='ltr'>per</span> <span class='ocrx_word' id='word_1_105' title='bbox 1340 894 1423 932; x_wconf 88' lang='lat' dir='ltr'>im-</span> 
     </span>
     <span class='ocr_line' id='line_1_15' title="bbox 90 950 1426 1005; baseline -0.005 -10"><span class='ocrx_word' id='word_1_106' title='bbox 90 968 250 996; x_wconf 87' lang='lat' dir='ltr'>mensa</span> <span class='ocrx_word' id='word_1_107' title='bbox 284 957 381 995; x_wconf 90' lang='lat' dir='ltr'>sine</span> <span class='ocrx_word' id='word_1_108' title='bbox 413 956 630 1005; x_wconf 84' lang='lat' dir='ltr'>termino,</span> <span class='ocrx_word' id='word_1_109' title='bbox 662 960 712 994; x_wconf 88' lang='lat' dir='ltr'>ut</span> <span class='ocrx_word' id='word_1_110' title='bbox 744 952 935 993; x_wconf 87' lang='lat' dir='ltr'>haberet</span> <span class='ocrx_word' id='word_1_111' title='bbox 966 958 1012 992; x_wconf 90' lang='lat' dir='ltr'>te</span> <span class='ocrx_word' id='word_1_112' title='bbox 1047 957 1192 1001; x_wconf 89' lang='lat' dir='ltr'>terra,</span> <span class='ocrx_word' id='word_1_113' title='bbox 1231 950 1426 990; x_wconf 76' lang='lat' dir='ltr'>haberet</span> 
     </span>
     <span class='ocr_line' id='line_1_16' title="bbox 93 1007 1427 1062; baseline -0.005 -10"><span class='ocrx_word' id='word_1_114' title='bbox 93 1012 294 1062; x_wconf 89' lang='lat' dir='ltr'>coelum,</span> <span class='ocrx_word' id='word_1_115' title='bbox 321 1010 544 1051; x_wconf 75' lang='lat' dir='ltr'>haberent</span> <span class='ocrx_word' id='word_1_116' title='bbox 568 1011 739 1060; x_wconf 84' lang='lat' dir='ltr'>omnia,</span> <span class='ocrx_word' id='word_1_117' title='bbox 771 1016 817 1050; x_wconf 82' lang='lat' dir='ltr'>et</span> <span class='ocrx_word' id='word_1_118' title='bbox 841 1009 924 1049; x_wconf 89' lang='lat' dir='ltr'>illa</span> <span class='ocrx_word' id='word_1_119' title='bbox 947 1008 1185 1048; x_wconf 83' lang='lat' dir='ltr'>finirentur</span> <span class='ocrx_word' id='word_1_120' title='bbox 1208 1007 1255 1046; x_wconf 93' lang='lat' dir='ltr'>in</span> <span class='ocrx_word' id='word_1_121' title='bbox 1279 1013 1347 1056; x_wconf 89' lang='lat' dir='ltr'>te,</span> <span class='ocrx_word' id='word_1_122' title='bbox 1375 1012 1427 1045; x_wconf 86' lang='lat' dir='ltr'>tu</span> 
     </span>
     <span class='ocr_line' id='line_1_17' title="bbox 92 1063 1425 1121; baseline -0.005 -13"><span class='ocrx_word' id='word_1_123' title='bbox 92 1074 244 1108; x_wconf 84' lang='lat' dir='ltr'>autem</span> <span class='ocrx_word' id='word_1_124' title='bbox 263 1081 496 1121; x_wconf 89' lang='lat' dir='ltr'>nusquam.</span> <span class='ocrx_word' id='word_1_125' title='bbox 559 1066 687 1107; x_wconf 89' lang='lat' dir='ltr'>Sicut</span> <span class='ocrx_word' id='word_1_126' title='bbox 705 1072 855 1106; x_wconf 85' lang='lat' dir='ltr'>autem</span> <span class='ocrx_word' id='word_1_127' title='bbox 873 1065 966 1105; x_wconf 87' lang='lat' dir='ltr'>luci</span> <span class='ocrx_word' id='word_1_128' title='bbox 984 1065 1097 1104; x_wconf 82' lang='lat' dir='ltr'>solis</span> <span class='ocrx_word' id='word_1_129' title='bbox 1118 1076 1209 1103; x_wconf 91' lang='lat' dir='ltr'>non</span> <span class='ocrx_word' id='word_1_130' title='bbox 1228 1063 1425 1103; x_wconf 87' lang='lat' dir='ltr'>obsiste-</span> 
     </span>
     <span class='ocr_line' id='line_1_18' title="bbox 89 1120 1425 1177; baseline -0.004 -13"><span class='ocrx_word' id='word_1_131' title='bbox 89 1130 162 1164; x_wconf 88' lang='lat' dir='ltr'>ret</span> <span class='ocrx_word' id='word_1_132' title='bbox 180 1137 344 1177; x_wconf 87' lang='lat' dir='ltr'>corpus</span> <span class='ocrx_word' id='word_1_133' title='bbox 363 1124 482 1164; x_wconf 74' lang='lat' dir='ltr'>aeris</span> <span class='ocrx_word' id='word_1_134' title='bbox 502 1121 654 1172; x_wconf 85' lang='lat' dir='ltr'>huius,</span> <span class='ocrx_word' id='word_1_135' title='bbox 682 1123 758 1176; x_wconf 92' lang='lat' dir='ltr'>qui</span> <span class='ocrx_word' id='word_1_136' title='bbox 777 1134 913 1176; x_wconf 89' lang='lat' dir='ltr'>supra</span> <span class='ocrx_word' id='word_1_137' title='bbox 930 1127 1099 1161; x_wconf 85' lang='lat' dir='ltr'>terram</span> <span class='ocrx_word' id='word_1_138' title='bbox 1119 1126 1208 1171; x_wconf 89' lang='lat' dir='ltr'>est,</span> <span class='ocrx_word' id='word_1_139' title='bbox 1234 1133 1323 1174; x_wconf 92' lang='lat' dir='ltr'>quo</span> <span class='ocrx_word' id='word_1_140' title='bbox 1343 1120 1425 1159; x_wconf 81' lang='lat' dir='ltr'>mi-</span> 
     </span>
     <span class='ocr_line' id='line_1_19' title="bbox 92 1177 1425 1233; baseline -0.004 -13"><span class='ocrx_word' id='word_1_141' title='bbox 92 1194 175 1220; x_wconf 92' lang='lat' dir='ltr'>nus</span> <span class='ocrx_word' id='word_1_142' title='bbox 194 1193 275 1233; x_wconf 89' lang='lat' dir='ltr'>per</span> <span class='ocrx_word' id='word_1_143' title='bbox 294 1193 395 1220; x_wconf 89' lang='lat' dir='ltr'>eum</span> <span class='ocrx_word' id='word_1_144' title='bbox 412 1180 725 1229; x_wconf 77' lang='lat' dir='ltr'>traiiceretm·,</span> <span class='ocrx_word' id='word_1_145' title='bbox 745 1183 990 1232; x_wconf 83' lang='lat' dir='ltr'>penetrans</span> <span class='ocrx_word' id='word_1_146' title='bbox 1011 1190 1127 1227; x_wconf 88' lang='lat' dir='ltr'>eum,</span> <span class='ocrx_word' id='word_1_147' title='bbox 1147 1190 1238 1217; x_wconf 92' lang='lat' dir='ltr'>non</span> <span class='ocrx_word' id='word_1_148' title='bbox 1258 1177 1425 1216; x_wconf 87' lang='lat' dir='ltr'>dirum-</span> 
     </span>
     <span class='ocr_line' id='line_1_20' title="bbox 92 1233 1427 1290; baseline -0.003 -14"><span class='ocrx_word' id='word_1_149' title='bbox 92 1238 242 1290; x_wconf 91' lang='lat' dir='ltr'>pendo</span> <span class='ocrx_word' id='word_1_150' title='bbox 263 1242 341 1276; x_wconf 87' lang='lat' dir='ltr'>aut</span> <span class='ocrx_word' id='word_1_151' title='bbox 360 1236 661 1285; x_wconf 88' lang='lat' dir='ltr'>concidendo,</span> <span class='ocrx_word' id='word_1_152' title='bbox 683 1235 765 1275; x_wconf 90' lang='lat' dir='ltr'>sed</span> <span class='ocrx_word' id='word_1_153' title='bbox 782 1234 1015 1288; x_wconf 90' lang='lat' dir='ltr'>implendo</span> <span class='ocrx_word' id='word_1_154' title='bbox 1037 1246 1138 1273; x_wconf 91' lang='lat' dir='ltr'>eum</span> <span class='ocrx_word' id='word_1_155' title='bbox 1156 1239 1323 1273; x_wconf 90' lang='lat' dir='ltr'>totum:</span> <span class='ocrx_word' id='word_1_156' title='bbox 1356 1233 1427 1272; x_wconf 84' lang='lat' dir='ltr'>sic</span> 
     </span>
     <span class='ocr_line' id='line_1_21' title="bbox 91 1288 1425 1346; baseline -0.003 -14"><span class='ocrx_word' id='word_1_157' title='bbox 91 1293 178 1332; x_wconf 87' lang='lat' dir='ltr'>tibi</span> <span class='ocrx_word' id='word_1_158' title='bbox 201 1293 416 1346; x_wconf 88' lang='lat' dir='ltr'>putabam</span> <span class='ocrx_word' id='word_1_159' title='bbox 441 1305 533 1332; x_wconf 91' lang='lat' dir='ltr'>non</span> <span class='ocrx_word' id='word_1_160' title='bbox 558 1292 708 1332; x_wconf 89' lang='lat' dir='ltr'>solum</span> <span class='ocrx_word' id='word_1_161' title='bbox 732 1291 852 1331; x_wconf 86' lang='lat' dir='ltr'>coeli</span> <span class='ocrx_word' id='word_1_162' title='bbox 880 1296 926 1330; x_wconf 88' lang='lat' dir='ltr'>et</span> <span class='ocrx_word' id='word_1_163' title='bbox 950 1291 1069 1330; x_wconf 71' lang='lat' dir='ltr'>acris</span> <span class='ocrx_word' id='word_1_164' title='bbox 1091 1296 1137 1329; x_wconf 89' lang='lat' dir='ltr'>et</span> <span class='ocrx_word' id='word_1_165' title='bbox 1153 1290 1314 1338; x_wconf 84' lang='lat' dir='ltr'>maris,</span> <span class='ocrx_word' id='word_1_166' title='bbox 1342 1288 1425 1328; x_wconf 86' lang='lat' dir='ltr'>sed</span> 
     </span>
     <span class='ocr_line' id='line_1_22' title="bbox 93 1345 1424 1400; baseline -0.002 -12"><span class='ocrx_word' id='word_1_167' title='bbox 93 1349 232 1389; x_wconf 86' lang='lat' dir='ltr'>etiam</span> <span class='ocrx_word' id='word_1_168' title='bbox 248 1354 400 1388; x_wconf 88' lang='lat' dir='ltr'>terrae</span> <span class='ocrx_word' id='word_1_169' title='bbox 421 1361 586 1400; x_wconf 89' lang='lat' dir='ltr'>corpus</span> <span class='ocrx_word' id='word_1_170' title='bbox 603 1348 823 1400; x_wconf 72' lang='lat' dir='ltr'>pervium,</span> <span class='ocrx_word' id='word_1_171' title='bbox 845 1352 891 1386; x_wconf 88' lang='lat' dir='ltr'>et</span> <span class='ocrx_word' id='word_1_172' title='bbox 909 1359 966 1387; x_wconf 79' lang='lat' dir='ltr'>ex</span> <span class='ocrx_word' id='word_1_173' title='bbox 985 1346 1193 1385; x_wconf 91' lang='lat' dir='ltr'>omnibus</span> <span class='ocrx_word' id='word_1_174' title='bbox 1212 1345 1424 1385; x_wconf 76' lang='lat' dir='ltr'>maximis</span> 
     </span>
     <span class='ocr_line' id='line_1_23' title="bbox 94 1401 1425 1458; baseline -0.003 -15"><span class='ocrx_word' id='word_1_175' title='bbox 94 1405 384 1457; x_wconf 88' lang='lat' dir='ltr'>minimisque</span> <span class='ocrx_word' id='word_1_176' title='bbox 406 1404 611 1458; x_wconf 89' lang='lat' dir='ltr'>partibus</span> <span class='ocrx_word' id='word_1_177' title='bbox 626 1403 911 1457; x_wconf 85' lang='lat' dir='ltr'>penetrabile</span> <span class='ocrx_word' id='word_1_178' title='bbox 932 1402 987 1441; x_wconf 85' lang='lat' dir='ltr'>ad</span> <span class='ocrx_word' id='word_1_179' title='bbox 1008 1401 1275 1454; x_wconf 84' lang='lat' dir='ltr'>capiendam</span> <span class='ocrx_word' id='word_1_180' title='bbox 1294 1413 1425 1454; x_wconf 83' lang='lat' dir='ltr'>prae-</span> 
     </span>
     <span class='ocr_line' id='line_1_24' title="bbox 96 1458 1426 1512; baseline -0.002 -13"><span class='ocrx_word' id='word_1_181' title='bbox 96 1462 291 1500; x_wconf 86' lang='lat' dir='ltr'>sentiam</span> <span class='ocrx_word' id='word_1_182' title='bbox 307 1467 446 1509; x_wconf 87' lang='lat' dir='ltr'>tuam,</span> <span class='ocrx_word' id='word_1_183' title='bbox 468 1460 649 1501; x_wconf 87' lang='lat' dir='ltr'>occulta</span> <span class='ocrx_word' id='word_1_184' title='bbox 665 1459 967 1512; x_wconf 84' lang='lat' dir='ltr'>inspiratione</span> <span class='ocrx_word' id='word_1_185' title='bbox 986 1458 1265 1497; x_wconf 87' lang='lat' dir='ltr'>intrinsecus</span> <span class='ocrx_word' id='word_1_186' title='bbox 1286 1463 1331 1496; x_wconf 89' lang='lat' dir='ltr'>et</span> <span class='ocrx_word' id='word_1_187' title='bbox 1349 1469 1426 1497; x_wconf 85' lang='lat' dir='ltr'>ex-</span> 
     </span>
     <span class='ocr_line' id='line_1_25' title="bbox 96 1513 1428 1567; baseline -0.002 -12"><span class='ocrx_word' id='word_1_188' title='bbox 96 1516 325 1556; x_wconf 89' lang='lat' dir='ltr'>trinsecus</span> <span class='ocrx_word' id='word_1_189' title='bbox 357 1516 751 1556; x_wconf 83' lang='lat' dir='ltr'>administrantem</span> <span class='ocrx_word' id='word_1_190' title='bbox 778 1515 931 1555; x_wconf 87' lang='lat' dir='ltr'>omnia</span> <span class='ocrx_word' id='word_1_191' title='bbox 955 1525 1070 1567; x_wconf 88' lang='lat' dir='ltr'>quae</span> <span class='ocrx_word' id='word_1_192' title='bbox 1097 1513 1281 1553; x_wconf 77' lang='lat' dir='ltr'>creasti.</span> <span class='ocrx_word' id='word_1_193' title='bbox 1355 1513 1428 1552; x_wconf 83' lang='lat' dir='ltr'>Ita.</span> 
     </span>
     <span class='ocr_line' id='line_1_26' title="bbox 98 1571 1428 1626; baseline -0.003 -14"><span class='ocrx_word' id='word_1_194' title='bbox 98 1572 385 1626; x_wconf 83' lang='lat' dir='ltr'>suspicabar,</span> <span class='ocrx_word' id='word_1_195' title='bbox 421 1572 526 1625; x_wconf 83' lang='lat' dir='ltr'>quia</span> <span class='ocrx_word' id='word_1_196' title='bbox 550 1572 757 1625; x_wconf 81' lang='lat' dir='ltr'>cogitare</span> <span class='ocrx_word' id='word_1_197' title='bbox 789 1571 914 1611; x_wconf 90' lang='lat' dir='ltr'>aliud</span> <span class='ocrx_word' id='word_1_198' title='bbox 943 1582 1034 1609; x_wconf 93' lang='lat' dir='ltr'>non</span> <span class='ocrx_word' id='word_1_199' title='bbox 1058 1576 1287 1623; x_wconf 83' lang='lat' dir='ltr'>poteram3</span> <span class='ocrx_word' id='word_1_200' title='bbox 1319 1581 1428 1609; x_wconf 87' lang='lat' dir='ltr'>nam</span> 
     </span>
     <span class='ocr_line' id='line_1_27' title="bbox 97 1627 1426 1678; baseline -0.003 -10"><span class='ocrx_word' id='word_1_201' title='bbox 97 1628 264 1668; x_wconf 86' lang='lat' dir='ltr'>falsum</span> <span class='ocrx_word' id='word_1_202' title='bbox 285 1635 395 1668; x_wconf 84' lang='lat' dir='ltr'>erat.</span> <span class='ocrx_word' id='word_1_203' title='bbox 428 1628 512 1668; x_wconf 87' lang='lat'>1110</span> <span class='ocrx_word' id='word_1_204' title='bbox 534 1628 653 1667; x_wconf 84' lang='lat' dir='ltr'>enim</span> <span class='ocrx_word' id='word_1_205' title='bbox 670 1627 807 1667; x_wconf 93' lang='lat' dir='ltr'>modo</span> <span class='ocrx_word' id='word_1_206' title='bbox 827 1627 974 1666; x_wconf 87' lang='lat' dir='ltr'>maior</span> <span class='ocrx_word' id='word_1_207' title='bbox 991 1638 1095 1678; x_wconf 89' lang='lat' dir='ltr'>pars</span> <span class='ocrx_word' id='word_1_208' title='bbox 1114 1631 1266 1665; x_wconf 87' lang='lat' dir='ltr'>terrae</span> <span class='ocrx_word' id='word_1_209' title='bbox 1282 1627 1426 1665; x_wconf 90' lang='lat' dir='ltr'>maio-</span> 
     </span>
     <span class='ocr_line' id='line_1_28' title="bbox 95 1682 1428 1737; baseline -0.003 -13"><span class='ocrx_word' id='word_1_210' title='bbox 95 1697 192 1724; x_wconf 89' lang='lat' dir='ltr'>rem</span> <span class='ocrx_word' id='word_1_211' title='bbox 212 1684 280 1724; x_wconf 90' lang='lat' dir='ltr'>tui</span> <span class='ocrx_word' id='word_1_212' title='bbox 296 1690 472 1737; x_wconf 86' lang='lat' dir='ltr'>partem</span> <span class='ocrx_word' id='word_1_213' title='bbox 491 1682 700 1733; x_wconf 84' lang='lat' dir='ltr'>haberet,</span> <span class='ocrx_word' id='word_1_214' title='bbox 723 1689 767 1723; x_wconf 91' lang='lat' dir='ltr'>et</span> <span class='ocrx_word' id='word_1_215' title='bbox 782 1684 1005 1723; x_wconf 86' lang='lat' dir='ltr'>minorem</span> <span class='ocrx_word' id='word_1_216' title='bbox 1023 1682 1185 1731; x_wconf 89' lang='lat' dir='ltr'>minor,</span> <span class='ocrx_word' id='word_1_217' title='bbox 1205 1687 1341 1735; x_wconf 84' lang='lat' dir='ltr'>atque</span> <span class='ocrx_word' id='word_1_218' title='bbox 1359 1682 1428 1720; x_wconf 89' lang='lat' dir='ltr'>ita</span> 
     </span>
     <span class='ocr_line' id='line_1_29' title="bbox 96 1736 1427 1794; baseline -0.002 -14"><span class='ocrx_word' id='word_1_219' title='bbox 96 1746 142 1780; x_wconf 90' lang='lat' dir='ltr'>te</span> <span class='ocrx_word' id='word_1_220' title='bbox 157 1740 292 1794; x_wconf 89' lang='lat' dir='ltr'>plena</span> <span class='ocrx_word' id='word_1_221' title='bbox 307 1746 461 1781; x_wconf 89' lang='lat' dir='ltr'>essent</span> <span class='ocrx_word' id='word_1_222' title='bbox 479 1740 643 1789; x_wconf 87' lang='lat' dir='ltr'>onmia,</span> <span class='ocrx_word' id='word_1_223' title='bbox 660 1745 710 1779; x_wconf 87' lang='lat' dir='ltr'>ut</span> <span class='ocrx_word' id='word_1_224' title='bbox 721 1740 913 1793; x_wconf 79' lang='lat' dir='ltr'>amplius</span> <span class='ocrx_word' id='word_1_225' title='bbox 924 1739 993 1778; x_wconf 90' lang='lat' dir='ltr'>tui</span> <span class='ocrx_word' id='word_1_226' title='bbox 1010 1744 1196 1792; x_wconf 87' lang='lat' dir='ltr'>caperet</span> <span class='ocrx_word' id='word_1_227' title='bbox 1212 1736 1427 1791; x_wconf 86' lang='lat' dir='ltr'>elephan-</span> 
     </span>
     <span class='ocr_line' id='line_1_30' title="bbox 95 1794 1426 1850; baseline -0.003 -14"><span class='ocrx_word' id='word_1_228' title='bbox 95 1797 133 1836; x_wconf 92' lang='lat' dir='ltr'>ti</span> <span class='ocrx_word' id='word_1_229' title='bbox 159 1809 345 1850; x_wconf 87' lang='lat' dir='ltr'>corpus,</span> <span class='ocrx_word' id='word_1_230' title='bbox 378 1809 515 1850; x_wconf 87' lang='lat' dir='ltr'>quam</span> <span class='ocrx_word' id='word_1_231' title='bbox 534 1796 757 1850; x_wconf 85' lang='lat' dir='ltr'>passeris,</span> <span class='ocrx_word' id='word_1_232' title='bbox 793 1808 881 1849; x_wconf 90' lang='lat' dir='ltr'>quo</span> <span class='ocrx_word' id='word_1_233' title='bbox 916 1800 1040 1835; x_wconf 86' lang='lat' dir='ltr'>esset</span> <span class='ocrx_word' id='word_1_234' title='bbox 1066 1795 1157 1834; x_wconf 84' lang='lat' dir='ltr'>isto</span> <span class='ocrx_word' id='word_1_235' title='bbox 1188 1794 1426 1848; x_wconf 77' lang='lat' dir='ltr'>grandius,</span> 
     </span>
     <span class='ocr_line' id='line_1_31' title="bbox 98 1850 1428 1906; baseline -0.003 -14"><span class='ocrx_word' id='word_1_236' title='bbox 98 1852 480 1906; x_wconf 85' lang='lat' dir='ltr'>grandioremque</span> <span class='ocrx_word' id='word_1_237' title='bbox 501 1857 747 1905; x_wconf 86' lang='lat' dir='ltr'>occuparet</span> <span class='ocrx_word' id='word_1_238' title='bbox 763 1852 934 1900; x_wconf 85' lang='lat' dir='ltr'>locum,</span> <span class='ocrx_word' id='word_1_239' title='bbox 959 1857 1094 1903; x_wconf 88' lang='lat' dir='ltr'>atque</span> <span class='ocrx_word' id='word_1_240' title='bbox 1114 1851 1180 1890; x_wconf 89' lang='lat' dir='ltr'>ita</span> <span class='ocrx_word' id='word_1_241' title='bbox 1195 1850 1428 1890; x_wconf 81' lang='lat' dir='ltr'>frustatim</span> 
     </span>
     <span class='ocr_line' id='line_1_32' title="bbox 98 1907 1425 1962; baseline -0.002 -14"><span class='ocrx_word' id='word_1_242' title='bbox 98 1908 304 1961; x_wconf 88' lang='lat' dir='ltr'>partibus</span> <span class='ocrx_word' id='word_1_243' title='bbox 315 1909 672 1962; x_wconf 86' lang='lat' dir='ltr'>mundi,magnis</span> <span class='ocrx_word' id='word_1_244' title='bbox 691 1921 894 1962; x_wconf 84' lang='lat' dir='ltr'>magnas,</span> <span class='ocrx_word' id='word_1_245' title='bbox 907 1907 1124 1947; x_wconf 77' lang='lat' dir='ltr'>brevibus</span> <span class='ocrx_word' id='word_1_246' title='bbox 1142 1907 1306 1946; x_wconf 83' lang='lat' dir='ltr'>breves</span> <span class='ocrx_word' id='word_1_247' title='bbox 1325 1918 1425 1959; x_wconf 86' lang='lat' dir='ltr'>par-</span> 
     </span>
     <span class='ocr_line' id='line_1_33' title="bbox 97 1960 1429 2018; baseline -0.003 -13"><span class='ocrx_word' id='word_1_248' title='bbox 97 1970 168 2005; x_wconf 87' lang='lat' dir='ltr'>tes</span> <span class='ocrx_word' id='word_1_249' title='bbox 190 1970 289 2005; x_wconf 87' lang='lat' dir='ltr'>tuas</span> <span class='ocrx_word' id='word_1_250' title='bbox 306 1970 574 2018; x_wconf 86' lang='lat' dir='ltr'>praesentes</span> <span class='ocrx_word' id='word_1_251' title='bbox 593 1963 786 2005; x_wconf 85' lang='lat' dir='ltr'>faceres.</span> <span class='ocrx_word' id='word_1_252' title='bbox 841 1963 944 2004; x_wconf 79' lang='lat' dir='ltr'>Non</span> <span class='ocrx_word' id='word_1_253' title='bbox 966 1976 1014 2003; x_wconf 91' lang='lat' dir='ltr'>es</span> <span class='ocrx_word' id='word_1_254' title='bbox 1035 1969 1186 2003; x_wconf 86' lang='lat' dir='ltr'>autem</span> <span class='ocrx_word' id='word_1_255' title='bbox 1204 1964 1282 2003; x_wconf 88' lang='lat' dir='ltr'>ita.</span> <span class='ocrx_word' id='word_1_256' title='bbox 1336 1960 1429 2002; x_wconf 89' lang='lat' dir='ltr'>Sed</span> 
     </span>
     <span class='ocr_line' id='line_1_34' title="bbox 98 2020 1063 2061; baseline -0.002 0"><span class='ocrx_word' id='word_1_257' title='bbox 98 2020 301 2061; x_wconf 90' lang='lat' dir='ltr'>nondum</span> <span class='ocrx_word' id='word_1_258' title='bbox 318 2021 658 2061; x_wconf 87' lang='lat' dir='ltr'>illuminaveras</span> <span class='ocrx_word' id='word_1_259' title='bbox 681 2020 895 2060; x_wconf 86' lang='lat' dir='ltr'>tenebras</span> <span class='ocrx_word' id='word_1_260' title='bbox 922 2032 1063 2059; x_wconf 89' lang='lat' dir='ltr'>meas.</span> 
     </span>
    </p>

    <p class='ocr_par' dir='ltr' id='par_1_3' title="bbox 98 2074 1430 2298">
     <span class='ocr_line' id='line_1_35' title="bbox 185 2074 1429 2125; baseline -0.004 -9"><span class='ocrx_word' id='word_1_261' title='bbox 185 2077 232 2117; x_wconf 90' lang='lat' dir='ltr'>C.</span> <span class='ocrx_word' id='word_1_262' title='bbox 256 2077 312 2118; x_wconf 90' lang='grc' dir='ltr'>ΙΙ.</span> <span class='ocrx_word' id='word_1_263' title='bbox 374 2076 455 2118; x_wconf 89' lang='lat' dir='ltr'>Sat</span> <span class='ocrx_word' id='word_1_264' title='bbox 472 2081 569 2117; x_wconf 86' lang='lat' dir='ltr'>erat</span> <span class='ocrx_word' id='word_1_265' title='bbox 585 2075 716 2125; x_wconf 89' lang='lat' dir='ltr'>mihi,</span> <span class='ocrx_word' id='word_1_266' title='bbox 736 2076 948 2125; x_wconf 89' lang='lat' dir='ltr'>Domine,</span> <span class='ocrx_word' id='word_1_267' title='bbox 969 2076 1187 2115; x_wconf 79' lang='lat' dir='ltr'>adversus</span> <span class='ocrx_word' id='word_1_268' title='bbox 1207 2074 1429 2125; x_wconf 86' lang='lat' dir='ltr'>deceptos</span> 
     </span>
     <span class='ocr_line' id='line_1_36' title="bbox 98 2131 1430 2186; baseline -0.005 -14"><span class='ocrx_word' id='word_1_269' title='bbox 98 2131 207 2173; x_wconf 86' lang='lat' dir='ltr'>illos</span> <span class='ocrx_word' id='word_1_270' title='bbox 234 2139 280 2174; x_wconf 85' lang='lat' dir='ltr'>et</span> <span class='ocrx_word' id='word_1_271' title='bbox 303 2133 574 2186; x_wconf 85' lang='lat' dir='ltr'>deceptores</span> <span class='ocrx_word' id='word_1_272' title='bbox 602 2138 647 2173; x_wconf 87' lang='lat' dir='ltr'>et</span> <span class='ocrx_word' id='word_1_273' title='bbox 665 2133 883 2186; x_wconf 88' lang='lat' dir='ltr'>loquaces</span> <span class='ocrx_word' id='word_1_274' title='bbox 902 2137 1077 2181; x_wconf 88' lang='lat' dir='ltr'>mutos,</span> <span class='ocrx_word' id='word_1_275' title='bbox 1106 2131 1317 2184; x_wconf 88' lang='lat' dir='ltr'>quoniam</span> <span class='ocrx_word' id='word_1_276' title='bbox 1336 2140 1430 2166; x_wconf 90' lang='lat' dir='ltr'>non</span> 
     </span>
     <span class='ocr_line' id='line_1_37' title="bbox 104 2182 1425 2239; baseline -0.005 -11"><span class='ocrx_word' id='word_1_277' title='bbox 104 2200 160 2229; x_wconf 83' lang='lat' dir='ltr'>ex</span> <span class='ocrx_word' id='word_1_278' title='bbox 191 2189 257 2229; x_wconf 88' lang='lat' dir='ltr'>eis</span> <span class='ocrx_word' id='word_1_279' title='bbox 292 2190 489 2230; x_wconf 86' lang='lat' dir='ltr'>sonabat</span> <span class='ocrx_word' id='word_1_280' title='bbox 519 2188 707 2229; x_wconf 65' lang='lat' dir='ltr'>verbum</span> <span class='ocrx_word' id='word_1_281' title='bbox 738 2195 886 2239; x_wconf 90' lang='lat' dir='ltr'>tuum;</span> <span class='ocrx_word' id='word_1_282' title='bbox 920 2194 991 2228; x_wconf 83' lang='lat' dir='ltr'>sat</span> <span class='ocrx_word' id='word_1_283' title='bbox 1024 2194 1123 2227; x_wconf 87' lang='lat' dir='ltr'>erat</span> <span class='ocrx_word' id='word_1_284' title='bbox 1156 2198 1266 2239; x_wconf 89' lang='lat' dir='ltr'>ergo</span> <span class='ocrx_word' id='word_1_285' title='bbox 1293 2182 1425 2232; x_wconf 91' lang='lat' dir='ltr'>illud,</span> 
     </span>
     <span class='ocr_line' id='line_1_38' title="bbox 102 2242 1428 2298; baseline -0.004 -15"><span class='ocrx_word' id='word_1_286' title='bbox 102 2245 223 2297; x_wconf 89' lang='lat' dir='ltr'>quod</span> <span class='ocrx_word' id='word_1_287' title='bbox 242 2246 331 2286; x_wconf 85' lang='lat' dir='ltr'>iam</span> <span class='ocrx_word' id='word_1_288' title='bbox 350 2245 427 2286; x_wconf 91' lang='lat' dir='ltr'>diu</span> <span class='ocrx_word' id='word_1_289' title='bbox 445 2245 499 2285; x_wconf 92' lang='lat' dir='ltr'>ab</span> <span class='ocrx_word' id='word_1_290' title='bbox 517 2257 661 2298; x_wconf 86' lang='lat' dir='ltr'>usque</span> <span class='ocrx_word' id='word_1_291' title='bbox 682 2244 958 2298; x_wconf 83' lang='lat' dir='ltr'>Carthagine</span> <span class='ocrx_word' id='word_1_292' title='bbox 978 2256 1004 2284; x_wconf 90' lang='lat' dir='ltr'>a</span> <span class='ocrx_word' id='word_1_293' title='bbox 1019 2242 1241 2284; x_wconf 75' lang='lat' dir='ltr'>Nebridio</span> <span class='ocrx_word' id='word_1_294' title='bbox 1260 2250 1428 2295; x_wconf 88' lang='lat' dir='ltr'>propo-</span> 
     </span>
    </p>
   </div>
  </div>
 </body>
</html>
