1473 2443
81 107 163 148 250
397 103 676 146 AURELII
706 102 1089 145 AUGUSTINI

81 191 210 241 vide,
240 190 349 244 quid
374 191 415 230 ei
444 190 610 239 dicam,
637 190 671 229 si
703 188 856 242 placet
876 187 975 228 tibi.
1035 187 1166 228 Hanc
1186 184 1302 226 enim
1318 196 1395 226 vo·

84 259 183 287 cem
219 245 322 286 huic
357 245 510 286 refero
534 245 782 285 fraternam
806 249 852 284 et
871 244 1128 299 pacificam:
1163 241 1216 283 Si
1246 242 1395 281 ambo

82 303 321 344 videmus
347 314 524 342 verum
554 313 694 351 esse,
722 300 860 354 quod
891 300 1052 349 dicis,
1080 304 1133 339 et
1156 297 1301 338 ambo
1328 297 1398 336 vi-

90 359 266 399 demus
289 370 468 398 verum
495 369 637 408 esse,
667 356 807 410 quod
833 356 974 406 dico,
1007 356 1094 395 ubi
1120 364 1321 408 quaeso
1346 351 1397 391 id

87 414 354 454 videmusss
384 413 494 454 Nec
525 425 622 467 ego
648 413 831 466 utique
855 412 909 451 in
933 416 1006 462 te,
1035 423 1135 451 nec
1156 415 1211 449 tu
1232 410 1284 449 in
1306 419 1400 456 me,

88 470 182 511 sed
222 469 373 510 ambo
413 471 465 510 in
502 470 640 523 ipsa,
689 480 818 522 quae
862 479 1020 520 supra
1065 470 1271 507 mentes
1317 475 1401 503 110-

87 531 230 566 stras
256 530 358 575 est,
391 524 825 566 incommutabili
848 523 1100 564 veritate.
1161 521 1272 561 Cum
1290 531 1400 572 ergo

89 582 143 622 de
158 582 257 635 ipsa
273 581 458 621 Domini
471 581 559 621 Dei
574 581 720 620 nostri
737 580 837 619 luce
854 591 946 618 non
965 577 1304 624 contendamus,
1326 585 1405 614 cur

90 638 145 678 de
163 637 359 691 proximi
378 637 659 690 cogitatione
672 635 1001 684 contendimus,
1015 647 1147 687 quam
1165 633 1230 673 sic
1247 631 1403 671 videre

90 706 182 734 non
216 705 480 746 possumus,
520 698 570 733 ut
581 692 762 732 videtur
798 690 1181 731 incommutabilis
1213 687 1403 736 veritas3

92 749 271 803 quando
285 779 295 798 ,
322 749 361 788 si
376 750 474 803 ipse
493 749 681 801 Moyses
700 747 987 801 adparuisset
1004 746 1158 795 nobis,
1185 748 1318 797 atque
1338 742 1404 782 di-

89 806 253 845 xisset:
287 803 374 844 hoc
410 805 628 858 cogitavi3
661 815 744 844 nec
777 803 843 843 sic
877 815 976 842 eam
1008 801 1287 849 videremus,
1322 797 1405 837 sed

92 860 406 900 crederemus}
435 860 537 900 Non
568 861 723 914 itaque
760 871 896 912 supra
929 870 1061 911 quam
1093 856 1310 908 scriptum
1334 858 1405 892 est

90 929 206 956 unus
239 928 320 968 pro
348 916 493 956 altero
520 915 703 955 infletur
726 915 943 955 adversus
967 913 1173 953 alterum.
1231 910 1404 962 Diliga-

92 984 190 1012 mus
214 971 459 1011 Dominum
481 971 628 1011 Deum
651 975 855 1011 nostrum
881 982 937 1010 ex
959 973 1059 1010 toto
1087 967 1247 1016 corde,
1282 970 1326 1005 et
1351 975 1406 1004 ex

90 1031 193 1067 tota
211 1029 372 1077 anima,
386 1031 431 1066 et
448 1039 504 1067 ex
520 1031 618 1066 tota
634 1030 782 1066 mente
801 1030 973 1075 nostra,
993 1029 1039 1064 et
1055 1023 1310 1078 proximum
1327 1031 1406 1059 no-

94 1088 236 1123 strum
261 1083 379 1122 sicut
403 1086 581 1122 nosmet
604 1083 745 1135 ipsos.
804 1080 999 1133 Propter
1024 1092 1137 1132 quae
1165 1078 1253 1118 duo
1278 1087 1406 1129 prae-

96 1143 229 1190 cepta
257 1138 459 1178 caritatis
485 1139 683 1177 sensisse
701 1136 918 1190 Moysen,
943 1134 1161 1189 quidquid
1180 1135 1226 1172 in
1243 1132 1335 1171 illis
1355 1131 1408 1170 li-

92 1194 188 1234 bris
215 1194 376 1243 sensit,
410 1193 497 1233 nisi
521 1193 868 1242 crediderimus,
901 1190 1165 1232 mendacem
1187 1188 1407 1228 faciemus

93 1249 358 1299 Dominum,
385 1262 484 1289 cum
509 1249 563 1289 de
588 1249 736 1288 animo
764 1247 972 1288 conservi
995 1247 1148 1294 aliter,
1173 1256 1303 1298 quam
1326 1241 1407 1281 ille

98 1307 272 1355 docuit,
308 1305 557 1358 opinamur.
616 1304 709 1344 13111
725 1304 852 1353 vide,
887 1315 1020 1356 quam
1047 1301 1231 1341 stultum
1255 1299 1336 1347 sit,
1361 1297 1410 1336 in

96 1366 224 1402 tanta
240 1362 372 1414 copia
388 1361 726 1401 verissimarum
745 1358 1090 1407 sententiarum,
1110 1367 1224 1410 quae
1244 1354 1298 1394 de
1315 1353 1409 1393 illis

96 1417 248 1457 verbis
275 1417 372 1457 erui
389 1421 599 1470 possunt,
627 1421 799 1456 temere
818 1415 1076 1463 adfirmare,
1104 1424 1236 1466 quam
1254 1421 1409 1450 earum

97 1473 287 1526 Moyses
313 1472 598 1526 potissimum
621 1472 835 1522 senserit,
861 1475 906 1510 et
929 1468 1200 1522 perniciosis
1226 1470 1409 1506 conten-

98 1529 300 1568 tionibus
332 1529 475 1580 ipsam
511 1527 748 1567 offendere
775 1527 1031 1574 caritatem,
1063 1527 1250 1578 propter
1277 1531 1410 1574 quam

99 1585 218 1624 dixit
237 1585 400 1632 omnia,
420 1583 545 1623 cuius
566 1583 686 1622 dicta
707 1594 922 1623 conamur
939 1591 1181 1633 exponere.

183 1640 228 1678 C.
256 1638 419 1679 XXVI.
478 1638 536 1677 Et
560 1644 710 1678 tamen
735 1651 844 1692 ego,
866 1637 992 1676 Deus
1009 1647 1155 1683 meus,
1183 1631 1408 1673 celsitudo

98 1694 365 1734 humilitatis
388 1705 541 1743 111636,
576 1699 622 1734 et
642 1696 823 1747 requies
849 1691 1019 1732 laboris
1043 1690 1153 1738 mei,
1181 1688 1257 1741 qui
1281 1686 1410 1726 audis

100 1749 413 1790 confessiones
433 1761 573 1800 meas,
593 1754 638 1789 et
655 1750 843 1789 dimittis
861 1751 1048 1801 peccata
1063 1756 1178 1794 mea,
1198 1743 1411 1797 quoniam

97 1812 148 1845 tu
169 1804 279 1844 mihi
300 1805 547 1857 praecipis,
573 1810 623 1845 ut
645 1805 830 1858 diligam
852 1802 1106 1856 proximum
1126 1812 1275 1839 meum
1294 1798 1411 1838 sicut

97 1873 168 1901 me
187 1861 347 1913 ipsum,
367 1872 457 1898 non
473 1872 658 1912 possum
676 1861 820 1900 minus
841 1858 1026 1898 credere
1046 1856 1100 1897 de
1118 1855 1283 1908 Moyse
1302 1853 1409 1892 fide-

98 1916 274 1956 lissimo
292 1915 461 1955 famulo
480 1920 558 1954 tuo
571 1946 581 1964 ,
612 1928 743 1968 quam
760 1913 871 1955 mihi
888 1918 1090 1967 optarem
1110 1923 1161 1951 36
1182 1909 1409 1950 desidera-

100 1984 194 2011 rem
213 1971 291 2011 abs
309 1976 353 2010 te
374 1970 470 2010 dari
487 1971 702 2020 muneris,
720 1974 756 2011 si
777 1975 980 2022 tempore
998 1968 1078 2008 illo
1099 1970 1228 2006 natus
1247 1976 1410 2012 essem,

100 2039 188 2080 quo
207 2027 306 2076 1116,
326 2037 471 2079 eoque
490 2025 594 2064 loco
613 2038 684 2066 me
704 2026 1036 2074 constituisses,
1057 2028 1106 2062 ut
1123 2033 1202 2074 per
1219 2021 1408 2059 servitu-

98 2088 192 2123 tem
217 2082 368 2122 cordis
392 2094 444 2121 ac
467 2080 650 2133 linguae
674 2093 823 2131 meae,
857 2081 1019 2120 literae
1045 2079 1152 2117 illae
1179 2076 1407 2127 dispensa-

98 2143 278 2188 rentur,
321 2136 435 2191 q'uae
474 2141 601 2176 tanto
635 2142 740 2189 post
773 2143 925 2176 essent
959 2134 1162 2175 omnibus
1198 2129 1409 2184 gentibus

100 2192 365 2246 profuturae
378 2223 389 2244 ,
416 2196 461 2233 et
477 2203 557 2245 per
574 2194 831 2233 universum
851 2193 1005 2232 orbem
1023 2194 1148 2230 tanto
1169 2185 1410 2227 auctorita-
