1514 2438
319 92 863 137 CONFESSIONUM
892 95 1099 138 LIBER
1128 96 1184 137 X.
1326 98 1403 137 181

86 186 151 231 te,
187 180 226 220 si
251 192 425 221 memor
446 193 538 221 non
562 194 661 221 sum
685 180 777 221 tui'!
808 180 1081 222 Perdiderat
1103 184 1221 223 enim
1243 182 1408 223 mulier

87 235 365 287 drachmam,
386 241 431 277 et
449 237 677 291 quaesivit
694 250 792 277 eam
811 251 912 278 cum
927 237 1129 289 lucerna,
1149 243 1196 279 et
1211 240 1300 279 nisi
1315 251 1407 279 me-

83 305 184 334 mor
202 294 300 334 eius
320 298 466 343 esset,
486 306 578 334 non
595 294 823 334 inveniret
842 306 955 335 eam.
1017 294 1128 335 Cum
1146 296 1264 336 enim
1283 300 1408 336 esset

85 352 289 399 inventa,
308 349 428 390 unde
447 350 601 400 sciret,
620 356 770 391 utrum
787 352 887 404 ipsa
905 355 1041 402 esset,
1061 352 1100 392 si
1117 363 1291 392 memor
1308 353 1407 393 eius

83 418 176 446 non
196 405 345 447 esset'ss
359 406 508 447 Multa
523 408 709 448 memini
728 419 798 447 me
818 407 997 460 perdita
1016 409 1252 461 quaesisse
1269 413 1406 462 atque

82 464 329 504 invenisse.
387 460 641 503 Indeistud
659 464 777 513 scio,
799 465 904 516 quia
923 477 1022 504 cum
1041 476 1308 517 quaererem
1326 464 1405 505 ali-

85 519 193 573 quid
226 531 402 569 eorum,
437 524 483 559 et
507 519 737 559 diceretur
758 518 890 560 mihi:
922 533 1028 560 num
1052 519 1174 561 forte
1199 518 1287 561 hoc
1311 520 1410 562 est‘}

82 589 189 616 num
204 574 325 616 forte
343 574 484 616 illudCl
513 580 606 616 tam
623 577 700 616 diu
720 576 945 617 dicebam:
977 589 1069 616 non
1089 582 1176 629 est3
1197 577 1343 618 donec
1359 577 1410 618 id

85 631 344 681 offerretur,
360 631 480 686 quod
495 633 782 685 quaerebam.
805 632 942 672 Cuius
957 633 1229 674 nisimemor
1241 645 1406 685 essem,

83 688 303 742 quidquid
316 688 431 728 illud
450 693 587 738 esset,
608 690 745 729 etiam
763 689 803 728 si
820 687 930 730 mihi
949 688 1208 740 offerretur,
1232 703 1324 730 non
1341 691 1407 730 in-

81 745 306 794 venirem,
344 746 447 798 quia
479 756 569 783 non
595 756 908 798 agnoscerem.
969 745 1027 785 Et
1051 758 1230 800 semper
1251 747 1317 787 ita
1341 747 1406 797 fit,

83 814 182 841 cum
202 801 375 854 aliquid
393 800 619 852 perditum
640 801 913 854 quaerimus,
936 806 981 841 et
997 802 1267 843 invenimus.
1324 802 1407 844 Ve-

82 870 179 896 rum
200 862 352 896 tamen
372 856 409 895 si
428 856 548 896 sorte
568 856 740 910 aliquid
759 857 814 897 ab
836 857 981 897 oculis
1001 858 1138 911 perit,
1164 871 1255 899 non
1273 872 1299 899 a
1315 871 1406 900 me-

84 914 245 962 moria,
265 912 406 952 veluti
426 924 591 966 corpus
612 913 849 966 quodlibet
867 914 1064 964 visibile,
1084 920 1266 955 tenetur
1283 916 1406 956 intus

83 971 233 1022 imago
260 968 377 1017 eius,
403 973 449 1008 et
473 970 727 1022 quaeritur,
753 969 899 1009 donec
917 970 1137 1010 reddatur
1154 971 1405 1025 adspectui.

84 1024 217 1072 Quod
237 1037 336 1064 cum
354 1025 585 1065 inventum
601 1023 755 1075 fuerit,
771 1037 827 1066 ex
843 1026 1041 1080 imagine
1062 1039 1176 1080 quae
1195 1028 1316 1068 intus
1337 1034 1409 1068 est

84 1082 452 1134 recognoscitur3
485 1093 570 1122 nec
588 1081 819 1122 invenisse
838 1094 923 1122 nos
943 1083 1150 1133 dicimus,
1168 1084 1290 1138 quod
1306 1096 1405 1137 per-

79 1138 217 1186 ierat,
251 1138 290 1178 si
307 1149 399 1177 non
421 1138 733 1191 agnoscimu53
765 1150 850 1178 nec
874 1151 1128 1194 agnoscere
1146 1152 1404 1193 possumus,

78 1193 117 1232 si
136 1205 227 1232 non
246 1193 547 1234 meminimus.
601 1193 693 1235 Sed
711 1193 798 1235 hoc
814 1197 1016 1248 perierat
1035 1195 1218 1250 quidem
1236 1196 1403 1247 oculis3

78 1249 300 1290 memoria
315 1249 572 1291 tenebatur.

163 1305 211 1346 C.
234 1305 358 1345 XIX.
422 1306 543 1355 Quid
569 1319 670 1347 oum
690 1308 791 1361 ipsa
806 1309 1030 1349 memoria
1046 1309 1197 1362 perdit
1215 1308 1404 1362 aliquid,

79 1362 198 1401 sicut
216 1362 267 1401 fit
286 1375 387 1402 cum
406 1361 737 1413 obliviscimur,
759 1367 805 1403 et
823 1365 1103 1417 quaerimus,
1125 1369 1174 1404 ut
1190 1364 1404 1404 recorde-

77 1416 202 1457 mur?
230 1417 319 1458 Ubi
339 1417 523 1457 tandem
549 1420 832 1473 quaerimuS,
858 1420 949 1460 nisi
970 1421 1017 1460 in
1039 1421 1140 1473 ipsa
1162 1419 1409 1461 memoria?

77 1473 136 1513 Et
166 1473 231 1512 ibi
264 1473 304 1513 si
335 1473 460 1513 aliud
481 1486 563 1527 pro
591 1474 683 1514 alio
707 1473 829 1515 forte
856 1474 1097 1527 offeratur,
1132 1477 1405 1530 respuimus,

80 1529 227 1569 donec
244 1529 357 1570 illud
375 1535 603 1581 occurrat,
624 1531 748 1584 quod
767 1531 1047 1585 quaerimus,
1068 1537 1114 1573 et
1131 1544 1231 1573 cum
1250 1545 1405 1574 occur-

77 1586 204 1633 rerit,
219 1585 427 1626 dicimus:
449 1584 626 1637 hocest3
648 1587 874 1641 quodnon
886 1587 1405 1643 diceremus,nisiagno-

75 1650 329 1692 sceremus,
369 1655 424 1682 ne
497 1655 871 1696 agnosceremus,
906 1645 994 1685 nisi
1023 1645 1402 1687 meminissemus.

77 1699 212 1738 Certe
248 1710 359 1752 ergo
388 1697 520 1738 obliti
542 1698 788 1740 fueramus.
848 1700 914 1740 An
936 1713 1026 1741 non
1049 1706 1199 1742 totum
1222 1701 1402 1742 excide-

75 1754 172 1794 rat'ss
203 1753 295 1796 Sed
319 1766 375 1794 ex
397 1760 546 1808 parte,
576 1767 663 1809 qua
685 1755 948 1807 tenebatur,
975 1769 1080 1810 pars
1106 1758 1197 1798 alia
1215 1770 1402 1813 quaere-

75 1809 231 1860 batur,
256 1812 361 1864 quia
384 1811 612 1851 sentiebat
635 1823 683 1851 se
702 1813 922 1853 memoria
937 1826 1029 1853 non
1048 1814 1183 1854 simul
1199 1813 1400 1864 volvere,

78 1865 201 1920 quod
213 1866 350 1906 simul
362 1866 556 1917 solebat,
570 1872 616 1907 et
634 1868 763 1921 quasi
783 1868 1051 1910 detruncata
1070 1871 1401 1911 consuetudine

79 1921 360 1972 claudicans,
392 1922 521 1963 reddi
558 1924 681 1976 quod
705 1924 865 1964 deerat
885 1924 1140 1980 flagitabat3
1172 1931 1400 1980 tamquam

76 1978 117 2018 si
138 1976 273 2018 homo
298 1982 433 2018 nctus
458 1980 552 2019 sive
578 1981 887 2033 conspiciatur
912 1983 1076 2032 oculis,
1104 1984 1199 2022 sive
1226 1982 1399 2035 cogite-

74 2038 167 2083 tur,
193 2038 238 2074 et
256 2046 421 2074 nomen
440 2035 537 2074 eius
557 2035 689 2075 obliti
706 2036 1012 2090 requiramus,
1038 2037 1257 2091 quidquid
1274 2037 1400 2077 aliud

76 2091 350 2140 occurrerit,
375 2102 466 2130 non
486 2093 795 2143 connectitur,
821 2095 925 2146 quia
943 2106 1033 2134 non
1053 2107 1154 2133 cum
1170 2093 1252 2133 illo
1273 2094 1396 2146 cogi-

75 2145 162 2184 tari
187 2147 444 2196 consuevit,
468 2146 666 2201 ideoque
690 2150 940 2202 respuitur,
966 2149 1112 2189 donec
1128 2148 1243 2189 illud
1263 2149 1395 2199 adsit,

78 2202 155 2241 ubi
167 2201 301 2243 simul
314 2201 582 2244 adsuefacta
598 2204 763 2245 notitia
778 2217 870 2245 non
889 2204 1195 2259 inaequaliter
1212 2205 1396 2259 adquie-
