1473 2443
55 75 132 114 104
411 72 692 115 AURELII
720 73 1092 116 AUGUSTINI

46 158 614 212 praeponebam‚poteram
628 159 717 198 iam
732 159 1011 212 cogitatione
1032 159 1203 212 aliquid
1222 159 1364 199 adtin-

47 227 178 268 gere,
210 215 332 267 quod
356 220 478 254 esset
498 214 661 254 melius
680 214 779 255 Deo
805 227 929 264 meo,
964 215 1052 255 nisi
1075 221 1124 255 tu
1149 227 1274 255 esses
1298 216 1362 254 in-

49 270 375 323 corruptibilis.
412 270 500 310 Ubi
516 271 658 324 igitur
675 271 883 311 videbam
898 271 1245 324 incorruptibile
1265 284 1362 311 cor-

44 326 252 379 ruptibili
286 337 386 365 esse
413 326 785 378 praeferendum,
818 326 882 366 ibi
913 332 957 366 te
984 339 1202 380 quaerere
1229 327 1362 366 debe-

45 382 173 431 bam,
202 387 337 435 atque
360 382 466 422 inde
488 382 746 433 advertere,
773 382 891 422 unde
917 384 977 422 sit
999 383 1185 433 malum,
1216 383 1263 422 id
1279 388 1362 431 est,

47 438 165 477 unde
200 438 261 477 sit
290 439 390 491 ipsa
420 439 674 491 corruptio,
706 451 794 492 qua
818 439 984 479 violari
1009 439 1265 479 substantia
1286 444 1364 478 tua

45 494 172 533 nullo
191 493 327 533 modo
347 499 514 546 potest.
566 493 702 535 Nullo
723 495 841 534 enim
858 507 1045 548 prorsus
1064 495 1199 535 modo
1222 495 1366 534 violat

48 549 283 602 corruptio
303 549 451 590 Deum
468 555 687 601 nostrum,
708 550 833 590 nulla
856 551 1089 591 voluntate
1103 581 1113 600 ,
1146 551 1271 590 nulla
1289 563 1362 590 ne-

47 606 286 655 cessitate,
319 605 445 646 nullo
478 606 725 660 improviso
761 619 890 657 casu,
925 607 1137 660 quoniam
1168 607 1266 659 ipse
1295 612 1364 646 est

43 660 193 712 Deus3
229 667 275 702 et
292 662 414 714 quod
432 662 519 702 sibi
536 662 652 712 vult,
676 662 843 702 bonum
862 669 952 713 est,
980 668 1026 702 et
1042 663 1138 715 ipse
1159 668 1228 703 est
1244 663 1363 702 idem

43 717 229 757 bonum.
290 718 527 771 Corrumpi
567 724 737 767 autem,
777 730 866 757 non
901 724 971 758 est
1012 719 1192 759 bonum.
1253 718 1362 758 Nec

48 773 265 826 cogeris
315 774 519 813 invitus
561 774 625 813 ad
664 774 898 827 aliquid,
947 775 1071 827 quia
1110 775 1363 814 voluntas

43 835 138 869 tua
160 842 266 868 non
292 835 375 869 est
396 830 590 879 maior,
618 842 769 882 quam
795 831 1044 883 potentia
1068 835 1170 870 tua.
1202 830 1365 870 Esset

47 889 221 924 autem
246 886 439 935 maior,
474 886 521 926 si
548 891 599 926 te
625 887 746 938 ipso
772 891 829 925 tu
853 886 971 939 ipse
995 887 1166 926 maior
1193 898 1362 935 esses3

44 940 300 980 voluntas
321 942 457 981 enim
485 947 537 981 et
559 942 808 995 potentia
826 941 929 982 Dei
953 942 1097 982 Deus
1122 943 1241 995 ipse
1267 948 1361 981 est.

42 996 103 1036 Et
126 996 234 1049 quid
258 997 552 1049 improvisum
578 998 683 1047 tibi,
709 998 785 1049 qui
811 998 934 1037 nosti
961 998 1136 1038 omnia'}
1166 999 1224 1038 Et
1242 998 1365 1037 nulla

41 1057 207 1091 natura
239 1057 329 1101 est,
364 1053 452 1092 nisi
485 1053 591 1106 quia
615 1054 736 1093 nosti
762 1065 875 1093 eam.
937 1054 993 1093 Et
1018 1059 1066 1093 ut
1091 1054 1199 1106 quid
1222 1053 1364 1093 multa

45 1108 260 1156 dicimus,
295 1120 374 1147 cur
398 1121 489 1148 non
514 1109 573 1148 sit
598 1109 908 1161 corruptibilis
937 1109 1214 1158 substantia,
1249 1121 1362 1162 quae

41 1163 170 1203 Deus
190 1169 274 1213 est,
295 1164 473 1216 quando
493 1164 532 1204 si
549 1163 637 1204 hoc
656 1170 792 1213 esset,
811 1176 901 1204 non
921 1170 1043 1204 esset
1059 1164 1210 1205 Deusit

130 1219 176 1259 C.
202 1218 256 1259 V.
318 1220 375 1259 Et
392 1220 811 1273 quaerebam,unde
830 1221 1008 1270 malum,
1031 1226 1075 1260 et
1091 1221 1209 1260 male
1230 1233 1363 1273 quae-

42 1275 221 1324 rebam3
256 1276 364 1315 etin
387 1276 487 1328 ipsa
503 1276 800 1329 inquisitione
821 1289 922 1315 mea
941 1289 1031 1316 non
1048 1277 1253 1316 videbam
1274 1289 1362 1315 ma-

42 1331 149 1370 lum.
196 1331 254 1371 Et
273 1331 607 1371 constituebam
624 1332 671 1371 in
690 1337 937 1384 conspectu
956 1333 1141 1385 spiritus
1160 1333 1246 1371 mei
1268 1333 1361 1370 uui-

42 1399 221 1426 versam
240 1392 509 1437 creaturam,
523 1387 743 1441 quidquid
761 1388 806 1426 in
826 1400 880 1427 ea
898 1400 1085 1428 cernere
1105 1400 1361 1441 possumus,

46 1443 183 1482 sicuti
209 1448 279 1482 est
300 1448 425 1483 terra
449 1447 496 1483 et
513 1456 660 1493 mare,
687 1447 733 1483 et
749 1443 831 1483 ael·
854 1449 899 1483 et
920 1444 1092 1494 sidera,
1113 1449 1158 1484 et
1175 1443 1361 1483 arbores

46 1504 92 1537 et
110 1499 325 1538 animalia
339 1499 573 1549 mortalia,
600 1505 644 1539 et
664 1499 881 1552 quidquid
898 1499 945 1539 in
964 1512 1018 1539 ea
1035 1513 1124 1539 non
1142 1500 1361 1548 videmus,

46 1555 164 1593 sicut
188 1556 519 1595 firmamentum
546 1555 686 1604 coeli,
712 1555 899 1607 insuper
917 1561 962 1595 et
983 1568 1136 1595 omnes
1156 1555 1361 1607 angelos,

46 1615 92 1649 et
116 1615 280 1650 cuncta
304 1611 531 1663 spiritalia
555 1612 666 1651 eius.
729 1609 820 1651 Sed
843 1611 978 1650 etiam
999 1612 1098 1663 ipsa
1117 1611 1244 1663 quasi
1265 1623 1361 1649 cor-

43 1677 157 1717 pora
175 1672 351 1716 essent,
376 1667 492 1706 locis
513 1672 558 1706 et
576 1666 691 1706 locis
712 1666 939 1705 ordinavit
955 1667 1220 1719 imaginatio
1239 1678 1360 1715 mea3

45 1726 91 1760 et
110 1720 202 1760 feci
224 1734 358 1761 unam
383 1734 578 1761 massam
603 1721 818 1774 grandem
839 1722 1097 1761 distinctam
1116 1722 1361 1774 generibus

46 1789 289 1828 corporum
316 1782 569 1816 creaturam
592 1783 738 1825 tuam,
772 1777 867 1816 sive
893 1790 1007 1829 quae
1032 1789 1141 1817 vera
1169 1790 1363 1830 corpora

45 1837 195 1881 erant,
231 1833 326 1873 sive
360 1844 474 1886 quae
507 1833 605 1885 ipse
637 1844 718 1885 pro
752 1832 988 1884 spiritibus
1013 1833 1244 1874 finxeram.
1304 1833 1364 1873 Et

46 1901 145 1928 eam
162 1887 253 1928 feci
271 1889 503 1942 grandem,
524 1901 613 1927 non
631 1892 846 1940 quantum
866 1894 976 1938 erat,
997 1889 1118 1941 quod
1137 1889 1253 1929 scire
1271 1901 1362 1928 non

44 1949 272 1998 poteram,
301 1944 383 1984 sed
407 1948 622 1997 quantum
645 1943 799 1993 libuit,
825 1944 1025 1997 undique
1051 1957 1228 1984 versum
1253 1956 1361 1983 sane

46 2001 238 2040 finitam:
270 2005 315 2040 te
335 1998 786 2050 autem,Domine,ex
806 2000 925 2039 omni
943 2006 1071 2053 parte
1091 2000 1363 2039 ambientem

47 2069 146 2097 eam
185 2061 230 2096 et
269 2060 605 2108 penetrantem,
649 2054 731 2094 sed
766 2067 1089 2109 usquequaque
1122 2056 1360 2096 infinitum.

47 2115 299 2165 Tamquam
323 2112 363 2150 si
387 2123 510 2151 mare
536 2116 658 2151 esset
680 2110 847 2162 ubique
885 2118 930 2152 et
959 2112 1155 2164 undique
1178 2124 1259 2164 per
1282 2112 1362 2151 im·-

45 2182 202 2209 mensa
228 2169 377 2221 spatia
398 2168 625 2208 infinitum
642 2166 788 2207 solum
805 2180 949 2219 mare,
977 2173 1022 2208 et
1040 2166 1228 2207 haberet
1244 2168 1363 2207 intra
