1514 2438
275 109 804 153 CONFESSIONUM
830 111 1034 152 LIBER
1064 110 1170 152 Vll.
1303 112 1380 150 121

63 195 214 236 Iesum
237 194 463 236 Christum
486 195 732 237 Dominum
764 201 990 247 nostrum,
1025 209 1157 250 quem
1181 196 1382 250 genuisti

65 257 380 302 coaeternum,
405 256 451 292 et
473 253 642 296 creasti
663 254 709 292 in
732 254 957 307 principio
983 253 1156 293 viarum
1176 252 1381 292 tuarum?

65 308 112 347 ln
147 321 234 362 quo
260 308 469 362 princeps
494 306 626 348 huius
650 310 804 350 mundi
828 322 917 348 non
940 310 1112 349 invenit
1136 309 1380 362 quidquam

64 369 212 404 morte
246 364 449 418 dignum,
486 370 531 404 et
565 364 735 405 occidit
769 377 884 405 eum.
943 364 1008 405 Et
1037 371 1294 405 evacuatum
1318 371 1383 405 est

66 419 428 474 chirographum,
455 420 572 473 quod
590 427 689 460 erat
708 419 981 461 contrarium
1002 420 1137 461 nobis.
1200 421 1319 470 (Col.
1338 422 1380 471 2,

68 476 156 527 14.)
203 475 304 516 Hoc
322 475 429 516 illae
446 475 610 516 literae
627 489 718 516 non
737 475 918 517 habent.
964 475 1068 518 Non
1086 475 1255 517 habent
1270 477 1380 517 illae

65 531 260 585 paginae
275 531 449 572 vultum
460 532 647 585 pietatis
662 530 813 573 huius:
833 532 1043 573 lacrimas
1058 532 1383 584 confessionis,

66 587 341 628 sacrificium
361 592 508 637 tuum,
534 587 743 641 spiritum
766 589 1142 638 contribulatum,
1169 601 1250 629 cor
1275 601 1382 630 con-

64 643 224 683 tritum
247 647 293 683 et
315 641 619 693 humiliatum,
644 644 802 698 populi
825 645 1037 694 salutem,
1062 657 1296 697 sponsam,
1321 645 1381 686 ci-

64 698 272 749 vitatem,
297 697 478 740 arrham
496 699 691 754 Spiritus
717 701 884 749 sancti,
910 700 1122 754 poculum
1142 701 1279 754 pretii
1303 714 1381 741 no-

64 754 162 794 stri.
207 753 352 795 Nemo
370 755 434 796 ibi
455 761 625 796 cantat:
655 754 812 796 Nonne
829 755 926 797 Deo
943 755 1117 796 subdita
1134 755 1220 796 erit
1235 756 1384 796 anima

62 810 186 850 mea?
216 810 284 850 Ab
307 809 400 864 ipso
419 811 530 851 enim
548 812 740 852 salutare
758 825 912 852 meum.
957 811 1137 853 Etenim
1155 811 1244 865 ipse
1262 810 1383 852 Deus

64 879 182 906 meus
207 872 250 906 et
269 865 475 907 salutaris
498 880 634 917 meus,
660 875 883 921 susceptor
900 882 1045 918 meus,·
1074 882 1161 908 non
1179 868 1383 909 movebor

64 920 262 975 amplius.
283 922 379 971 (Ps.
399 921 466 972 61,
485 925 523 964 2.
543 923 582 964 3.
603 924 850 965 secundum
868 924 1032 976 LXX.)
1062 923 1206 965 Nemo
1225 925 1289 965 ibi
1308 937 1383 964 au-

66 978 133 1018 dit
150 984 406 1019 vocantem:
447 977 598 1020 Venite
615 980 674 1020 ad
687 993 765 1029 me,
788 980 863 1034 qui
877 980 1101 1020 laboratis.
1122 979 1377 1033 (Matth.l]‚

63 1033 152 1085 28.)
171 1033 489 1088 Dedignantur
506 1036 561 1076 ab
581 1047 635 1076 eo
655 1036 853 1086 discere,
879 1038 1092 1091 quoniam
1109 1037 1230 1076 mitis
1250 1042 1320 1077 est
1339 1042 1385 1076 et

71 1088 255 1130 humilis
275 1090 429 1131 corde.
479 1091 772 1133 Abscondisti
791 1093 909 1135 enim
928 1091 1040 1132 haec
1057 1105 1084 1133 a
1101 1093 1383 1146 sapientibus

66 1150 113 1186 et
134 1146 454 1200 prudentibus,
488 1152 533 1188 et
555 1148 771 1188 revelasti
796 1160 850 1189 ea
870 1149 1086 1202 parvulis.
1145 1149 1210 1188 Et
1237 1149 1381 1191 aliud

66 1207 167 1252 est,
193 1202 254 1242 de
277 1202 523 1243 silvestri
547 1206 818 1246 cacumine
842 1205 1029 1246 videre
1052 1205 1280 1258 patriam
1302 1218 1382 1259 pa-

66 1258 163 1307 cis,
196 1267 247 1298 et
274 1260 379 1298 iter
407 1259 470 1299 ad
498 1272 607 1300 eam
634 1273 736 1300 non
763 1261 1026 1311 invenire,
1058 1267 1102 1301 et
1119 1259 1292 1302 frustra
1309 1274 1383 1301 co-

61 1314 159 1354 nari
184 1326 268 1367 per
290 1315 431 1365 invia,
456 1316 626 1356 circum
650 1316 966 1358 obsidentibus
992 1322 1037 1358 et
1057 1317 1383 1358 insidiantibus

61 1368 270 1424 fugitivis
290 1371 604 1412 desertoribus
624 1385 724 1412 cum
740 1373 944 1425 principe
963 1385 1045 1413 suo
1066 1372 1201 1412 leone
1221 1378 1266 1412 et
1285 1374 1383 1413 dra-

64 1437 200 1466 cone:
226 1431 277 1465 et
294 1426 458 1476 aliud,
478 1432 665 1467 tenere
688 1428 821 1468 viam
844 1429 976 1469 illuc
1000 1428 1280 1469 ducentem
1304 1442 1382 1468 cu-

62 1493 121 1521 ra
149 1481 410 1522 coelestis
443 1484 787 1536 imperatoris
817 1484 1086 1533 munitam,
1115 1484 1192 1524 ubi
1212 1497 1300 1524 non
1320 1484 1382 1524 la-

60 1538 363 1587 trocinantur,
384 1539 460 1591 qui
479 1539 727 1579 coelestem
745 1540 953 1580 militiam
972 1540 1293 1590 deseruerunt3
1318 1541 1381 1579 vi-

61 1597 162 1632 tant
180 1593 299 1633 enim
317 1605 429 1643 eam,
449 1595 568 1634 sicut
585 1596 871 1648 supplicium.
917 1595 1047 1636 Haec
1063 1594 1173 1635 mihi
1190 1596 1382 1636 invisce-

60 1649 280 1689 rabantur
309 1649 436 1689 miris
472 1651 642 1700 modis,
678 1664 778 1691 cum
803 1652 1033 1691 minimum
1066 1652 1383 1705 apostolorum

63 1709 249 1744 tuorum
280 1704 503 1759 legerem,
544 1712 589 1747 et
622 1708 1022 1749 consideraveram
1055 1719 1196 1761 opera
1226 1714 1305 1748 tua
1337 1714 1383 1748 et

62 1771 344 1813 expaveram.

411 1988 593 2047 LIB
624 1990 676 2047 E
707 1990 759 2047 R
842 1989 1026 2048 VIII.

146 2094 192 2136 C.
218 2096 251 2137 Ι.
311 2096 436 2137 Deus
460 2110 608 2149 meus,
632 2099 852 2140 recorder
868 2101 913 2140 in
933 2101 1182 2154 gratiarum
1199 2099 1380 2141 actione

59 2150 166 2201 tibi,
191 2157 236 2193 et
254 2150 476 2193 confitear
492 2154 832 2196 misericordias
851 2161 955 2195 tuas
974 2169 1110 2210 super
1125 2167 1212 2195 me.
1272 2154 1380 2194 Per-

58 2203 423 2250 fundanturossa
434 2221 536 2250 mea
547 2209 795 2252 dilectione
806 2218 899 2262 tua,
913 2217 959 2252 et
977 2211 1146 2252 dicant:
1165 2210 1380 2261 Domine,
