1473 2443
68 122 124 164 30
400 130 687 172 AURELII
715 131 1094 174 AUGUSTINI

451 356 809 415 LIBER
871 358 1003 416 HI.

158 497 204 536 C.
237 497 269 536 Ι.
331 496 447 537 Veni
471 496 810 552 Carthaginem3
834 505 879 539 et
898 499 1302 553 circumstrepebat
1320 510 1390 539 me

73 553 272 606 undique
311 559 496 607 sartago
534 553 867 607 flagitiosorum
904 568 1119 595 amorum.
1181 554 1391 595 Nondum

73 608 279 647 amabam
309 614 355 648 et
379 621 528 649 amare
552 610 775 660 amabam,
805 616 850 650 et
868 612 1118 651 secretiore
1138 611 1392 664 indigentia

74 664 261 703 oderam
303 676 372 704 me
408 665 554 705 minus
591 666 885 719 indigentem.
948 667 1233 715 Quaerebam
1269 666 1390 719 quod

73 732 294 769 amarem,
325 732 477 759 amans
505 733 678 771 amare,
709 727 754 761 et
781 723 966 762 oderam
998 723 1314 771 securitatem,
1344 727 1391 761 et

72 776 186 814 viam
217 776 314 815 sine
335 776 611 828 muscipulis.
675 777 899 825 Quoniam
918 778 1061 819 fames
1080 777 1190 817 mihi
1209 782 1307 816 erat
1324 777 1389 816 in-

71 836 143 870 tus
163 831 217 870 ab
236 831 455 871 interiore
477 832 577 871 cibo
596 833 785 886 teipso,
805 833 930 873 Deus
950 846 1100 884 meus3
1134 838 1179 873 et
1199 845 1252 872 ea
1269 831 1388 872 fame

72 899 163 926 non
193 887 469 935 esuriebam,
504 887 581 927 sed
614 900 736 928 eram
765 890 862 929 sine
893 889 1123 930 desiderio
1152 889 1386 928 alimento·

70 955 168 982 rum
186 943 620 995 incorruptibilium,
641 957 731 983 non
750 945 855 1000 quia
872 946 1033 998 plenus
1054 946 1120 985 eis
1142 957 1286 993 eram,
1308 944 1389 983 sed

69 1009 156 1050 quo
176 998 372 1049 inanior,
393 1011 445 1038 eo
466 998 767 1040 fastidiosior.
827 1000 884 1040 Et
903 1001 1007 1040 ideo
1027 1013 1117 1040 non
1136 1001 1252 1040 bene
1272 1000 1390 1039 vale-

67 1053 147 1093 bat
173 1054 322 1093 anima
343 1066 468 1104 mea3
504 1060 549 1094 et
571 1056 782 1095 ulcerosa
799 1057 1074 1108 proiiciebat
1093 1069 1141 1095 se
1161 1056 1286 1096 foras
1307 1056 1386 1094 mi-

69 1109 331 1149 serabiliter
366 1110 510 1162 scalpi
538 1111 670 1150 avida
696 1117 911 1152 contactu
937 1112 1235 1152 sensibilium.
1297 1110 1388 1152 Sed

71 1165 109 1205 si
123 1178 213 1204 non
230 1164 450 1205 haberent
462 1166 671 1216 animam,
684 1180 775 1206 non
786 1168 942 1220 utique
958 1172 1229 1207 amarentur.
1260 1168 1387 1207 Ania-

69 1232 119 1260 re
147 1226 192 1260 et
211 1222 351 1260 amari
371 1222 502 1261 dulce
524 1221 635 1261 mihi
654 1227 770 1273 erat,
794 1224 940 1277 magis
958 1224 998 1263 si
1017 1229 1062 1263 et
1079 1223 1270 1263 amantis
1291 1235 1388 1263 cor-

69 1289 181 1329 pore
201 1275 393 1317 fruerer.
440 1277 612 1317 Venam
633 1279 772 1331 igitur
791 1279 1018 1319 amicitiae
1039 1279 1387 1332 coinquinabam

70 1332 282 1371 sordibus
309 1334 728 1386 concupiscentiae,
763 1335 1096 1388 candoremque
1126 1335 1223 1374 eius
1248 1335 1369 1374 obnu

67 1387 268 1427 bilabam
295 1388 349 1428 de
372 1393 544 1429 tartaro
574 1389 801 1441 libidinis3
835 1396 880 1430 et
897 1396 1047 1431 tamen
1066 1389 1230 1430 foedus
1251 1395 1385 1443 atque

67 1442 353 1493 inhonestus,
369 1444 554 1498 elegans
577 1450 622 1485 et
638 1445 836 1486 urbanus
856 1458 957 1486 esse
977 1446 1230 1500 gestiebam
1250 1446 1385 1485 abun-

70 1500 196 1539 danti
214 1500 426 1540 vanitate.
474 1500 561 1540 Rui
579 1501 716 1540 etiam
734 1501 780 1541 in
802 1515 1017 1552 amorem,
1039 1514 1127 1555 quo
1149 1501 1383 1554 cupiebam

69 1556 184 1607 capi.
243 1554 369 1595 Deus
396 1568 546 1606 meus,
583 1557 903 1598 misericordia
926 1570 1048 1607 mea,
1081 1563 1248 1610 quanto
1274 1556 1382 1596 felle.

68 1610 179 1650 mihi
207 1612 479 1653 suavitatem
503 1612 652 1662 illam,
686 1618 732 1653 et
756 1626 889 1666 quam
916 1613 1061 1653 bonus
1092 1612 1381 1664 adspersisti3

70 1666 176 1718 quia
202 1671 247 1705 et
268 1672 441 1706 amatus
463 1681 583 1717 sum,
614 1673 659 1708 et
678 1670 862 1721 perveni
883 1669 1060 1709 occulte
1080 1667 1137 1707 ad
1154 1668 1380 1707 vinculum

68 1722 271 1770 fruendi,
295 1726 338 1761 et
359 1722 611 1775 colligabar
630 1724 776 1764 laetus
799 1724 1081 1764 aerumnosis
1101 1723 1312 1772 nexibus,
1336 1731 1384 1764 ut

69 1777 288 1817 caederer
314 1777 454 1830 virgis
482 1778 644 1818 ferreis
673 1780 935 1819 ardentibus
956 1779 1067 1828 zeli,
1096 1783 1141 1818 et
1159 1779 1379 1832 suspicio--

67 1846 193 1881 num,
224 1838 269 1872 et
296 1833 532 1882 timorum,
564 1839 609 1873 et
626 1835 817 1883 irarum,
847 1841 980 1887 atque
999 1836 1212 1874 rixarum.

153 1888 200 1928 C.
227 1888 280 1928 II.
340 1889 595 1941 Rapiebant
620 1902 689 1929 me
718 1891 980 1942 spectacula
1005 1888 1250 1938 theatrica,
1286 1890 1385 1942 ple-

67 1956 125 1983 na
141 1944 414 1996 imaginibus
426 1945 710 1985 miseriarum
722 1958 919 1986 mearum
940 1952 984 1986 et
1002 1945 1239 1986 fomitibus
1258 1945 1378 1998 ignis

64 2000 168 2039 mei.
190 1999 309 2047 Quid
322 2004 405 2049 est,
418 2000 539 2053 quod
557 2000 622 2040 ibi
640 1999 774 2041 homo
794 2002 891 2041 vult
903 2002 1074 2050 dolere,
1087 2014 1186 2041 cum
1200 2006 1379 2053 spectat

62 2055 274 2094 luctuosa
292 2060 425 2108 atque
445 2056 640 2109 tragica,
668 2069 782 2110 quae
802 2062 954 2098 tamen
973 2058 1070 2111 pati
1088 2057 1185 2110 ipse
1208 2056 1378 2096 nollet‘}

62 2110 120 2150 Et
142 2116 292 2150 tamen
323 2112 416 2163 pati
440 2111 535 2151 vult
562 2123 617 2151 ex
642 2113 707 2152 eis
728 2113 933 2153 dolorem
953 2117 1204 2166 spectator,
1235 2117 1281 2151 et
1299 2111 1377 2151 do-

63 2167 135 2206 lor
158 2166 255 2219 ipse
277 2172 347 2206 est
364 2167 574 2218 voluptas
595 2168 707 2209 eius.
768 2169 888 2217 Quid
907 2174 978 2209 est
996 2168 1083 2208 nisi
1100 2167 1375 2207 miserabilis

62 2221 272 2262 insania}
303 2221 415 2262 Nam
446 2235 500 2263 eo
527 2224 672 2277 magis
701 2224 766 2265 eis
794 2230 1003 2265 movetur
1038 2223 1251 2278 quisque,
1288 2236 1375 2277 quo
