1473 2443
97 78 176 119 108
427 77 697 119 AURELH
725 79 1085 121 AUGUSTIN}

93 162 264 204 Firmin
272 177 341 203 um
352 165 501 217 ipsum
518 168 708 205 conatus
724 178 821 205 sum
835 166 890 206 ab
905 165 984 206 illa
999 167 1266 207 curiositate
1281 177 1409 206 revo-

95 232 218 269 care,
253 232 353 259 cum
376 219 594 271 dicerem,
620 221 1046 262 constellationibus
1071 224 1168 262 eius
1190 223 1409 276 inspectis

94 281 145 315 ut
161 288 269 315 vera
286 277 640 329 pronuntiarem,
662 277 874 317 debuisse
891 290 962 317 me
981 280 1137 332 utique
1155 277 1311 318 videre
1330 278 1409 328 ibi,

95 337 307 386 parentes
325 334 445 371 inter
462 344 569 372 suos
591 345 692 372 esse
710 334 964 386 primarios,
978 334 1179 374 nobilem
1195 332 1409 373 familiam

95 388 307 442 propriae
327 389 723 438 civitatis,natales
742 390 982 442 ingenuos,
995 388 1233 429 honestam
1252 389 1413 429 educa-

95 446 289 493 tionem,
313 444 619 497 liberalesque
645 445 894 485 doctrinas:
928 450 973 485 at
995 447 1034 485 si
1056 458 1125 485 me
1147 445 1227 485 ille
1256 457 1414 484 servus

98 512 154 539 ex
178 500 349 539 eisdem
372 500 820 551 constellationibus,
855 502 960 554 quia
982 507 1027 540 et
1048 502 1172 541 illius
1194 502 1324 553 ipsae
1345 511 1414 540 es-

97 561 219 604 sent,
244 556 567 606 consuluisset,
587 562 636 596 ut
655 557 803 596 eidem
821 569 1000 610 quoque
1019 569 1127 596 vera
1144 556 1415 610 proferrem,

98 612 313 651 debuisse
337 624 407 651 me
431 624 612 653 rursum
634 613 701 653 ibi
723 612 878 652 ridere
903 613 1259 653 abiectissimam
1287 612 1415 651 fami-

96 669 217 717 liam,
229 668 539 708 conditionem
554 668 780 718 servilem,
793 673 837 707 et
856 674 1039 708 caetera
1054 669 1192 722 longe
1211 681 1237 708 a
1254 669 1415 720 priori-

96 725 179 763 bus
199 724 361 773 aliena,
381 723 608 778 longeque
629 724 862 764 distantia:
895 724 1013 763 unde
1033 729 1184 764 autem
1200 725 1347 773 fieret,
1367 728 1417 763 ut

98 779 257 819 eadem
272 780 518 832 inspiciens
539 780 719 820 diversa
737 780 1000 829 dicerem,si
1017 792 1125 820 vera
1143 780 1357 828 dicerem,
1377 780 1418 819 si

97 840 248 875 autem
266 836 423 875 eadem
443 835 783 885 diceren1‚falsa
797 836 1015 887 dicerem3
1036 837 1141 876 inde
1161 837 1416 875 certissime

100 891 279 944 colligi,
305 904 378 941 ea,
405 904 519 945 quac
540 904 645 931 vera
664 892 967 932 consideratis
987 892 1416 932 constellationibus

99 947 379 996 dicerentur,
399 960 489 987 non
507 954 604 987 arte
625 948 734 997 dici,
755 949 835 988 sed
855 953 1001 998 sorte3
1035 960 1148 1002 quae
1168 953 1318 987 autem
1336 945 1417 985 fal-

99 1015 168 1051 sa,
201 1015 292 1042 non
314 1004 424 1043 artis
447 1004 695 1056 imperitia,
720 1003 801 1043 sed
824 1005 962 1043 sortis
984 1004 1238 1044 mendacio.
1297 1002 1418 1042 Hinc

99 1063 251 1098 autem
268 1063 456 1112 accepto
476 1059 601 1098 aditu
619 1061 716 1112 ipse
735 1072 910 1099 mecum
926 1060 1038 1099 talia
1054 1058 1320 1099 ruminando
1332 1089 1342 1108 ‚
1362 1070 1417 1097 ne

103 1115 202 1167 quis
237 1114 497 1154 eorumdem
522 1115 790 1164 delirorum,
826 1117 901 1168 qui
923 1115 1064 1155 taleni
1088 1120 1326 1168 quaestum
1350 1126 1417 1153 se-

99 1175 364 1223 querentur,
398 1183 511 1223 quos
544 1172 632 1210 iam
655 1173 833 1224 iamque
857 1171 1073 1210 invadere
1097 1176 1232 1224 atque
1255 1172 1417 1209 irrisos

97 1225 312 1265 refellere
333 1227 581 1279 cupiebam,
600 1225 711 1266 mihi
727 1229 791 1266 ita
808 1228 1061 1276 resisteret,
1082 1228 1212 1280 quasi
1229 1232 1306 1265 aut
1323 1225 1417 1265 Fir-

99 1283 246 1321 minus
260 1280 384 1330 mihi,
395 1287 470 1321 aut
483 1282 551 1321 illi
566 1287 694 1335 pater
707 1281 825 1322 falsa
838 1284 1104 1331 narraverit,
1118 1281 1295 1322 intendi
1314 1294 1418 1320 con·

101 1338 429 1377 siderationem
450 1339 496 1377 in
520 1350 620 1387 eos,
647 1339 722 1391 qui
745 1340 914 1391 gemini
932 1342 1199 1387 nascuntur,
1227 1350 1417 1390 quorum

99 1393 305 1447 plerique
324 1395 388 1433 ita
405 1398 509 1446 post
526 1395 720 1434 invicem
738 1394 988 1434 funduntur
1008 1406 1064 1434 ex
1080 1398 1212 1433 utero
1224 1423 1234 1442 ,
1253 1397 1302 1432 ut
1320 1404 1417 1446 par-

96 1451 361 1503 vumipsum
372 1450 591 1501 temporis
607 1450 910 1500 intervallum,
923 1450 1249 1503 quantamlibet
1266 1450 1354 1488 vim
1371 1450 1417 1488 in

95 1517 247 1545 rerum
280 1510 442 1545 natura
464 1504 631 1546 habere
656 1506 951 1555 contendant,
986 1506 1145 1558 colligi
1165 1510 1316 1544 tamen
1340 1502 1417 1543 hu-

97 1574 229 1601 mana
238 1562 558 1601 observatione
572 1563 832 1614 nonpossit,
842 1563 1078 1615 literisque
1094 1561 1266 1613 signari
1277 1561 1417 1599 omni-

100 1630 155 1656 no
178 1630 266 1656 non
283 1617 446 1665 valeat,
467 1630 576 1670 quas
596 1616 940 1657 mathematicus
958 1619 1244 1670 inspecturus
1264 1620 1347 1664 est,
1367 1619 1416 1654 ut

98 1684 205 1711 vera
224 1674 501 1725 pronuntiet.
560 1673 618 1712 Et
634 1685 725 1712 non
745 1679 876 1712 erunt
893 1685 1018 1721 vera,
1040 1673 1145 1725 quia
1163 1670 1345 1711 easdem
1364 1670 1414 1710 li-

98 1733 220 1767 teras
244 1729 490 1781 inspiciens
517 1729 675 1768 eadem
699 1728 855 1768 debuit
880 1728 1032 1767 dicere
1057 1727 1110 1766 de
1134 1727 1257 1766 Esau
1280 1731 1325 1766 et
1348 1726 1413 1766 Ia-

99 1784 207 1834 cob3
240 1784 321 1823 sed
339 1796 429 1822 non
449 1784 606 1823 eadem
625 1786 804 1837 utrique
823 1784 1099 1823 acciderunt.
1146 1783 1283 1822 Falsa
1301 1794 1411 1836 ergo

98 1840 290 1888 diceret3
310 1843 387 1878 aut
405 1840 443 1878 si
456 1851 564 1878 vera
582 1840 769 1889 diceret,
785 1852 875 1878 non
893 1839 1052 1879 eadem
1070 1839 1259 1887 diceret,
1278 1840 1413 1878 etiam

97 1896 137 1935 si
160 1895 318 1934 eadem
341 1896 602 1947 inspiceret.
662 1893 765 1935 Non
789 1907 898 1948 ergo
918 1900 1037 1944 arte,
1063 1895 1143 1934 secl
1161 1899 1286 1934 sorte
1305 1906 1413 1933 vera

98 1951 287 1991 diceret.
320 1950 391 1990 Tu
409 1949 1021 2001 enim,Domine‚iustissime
1036 1950 1299 1991 moderator
1316 1950 1411 1989 uni-

96 2006 350 2056 versitatis,
384 2006 728 2047 consulentibus
763 2007 1075 2060 consultisque
1098 2005 1410 2045 nescientibus

99 2062 280 2103 occulto
298 2063 516 2102 instinctu
535 2063 655 2115 agis,
673 2067 741 2113 ut,
762 2062 865 2102 dum
883 2065 1072 2116 quisque
1093 2061 1303 2110 consulit,
1323 2059 1410 2100 hoc

98 2119 266 2168 audiat,
282 2117 402 2171 quod
421 2129 522 2158 eum
541 2123 724 2171 oportet
741 2119 897 2159 audire
918 2119 1109 2158 occultis
1126 2118 1299 2157 meritis
1319 2117 1414 2155 ani·

101 2187 270 2215 marum
293 2186 349 2214 ex
370 2174 539 2228 abysso
558 2175 669 2215 iusti
684 2174 840 2216 iudicii
864 2177 951 2226 tui,
978 2176 1050 2214 cui
1073 2186 1164 2214 non
1187 2173 1307 2213 dicat
1332 2170 1409 2212 ho-
