1514 2438
238 101 781 147 CONFESSILNUM
818 100 1026 142 LIBER
1055 99 1191 141 VIII.
1293 98 1370 138 137

47 193 268 241 Domin‚
304 190 386 231 sed
417 189 465 229 in
496 200 545 229 se
567 188 704 241 ipsis,
737 186 938 240 putando
966 186 1142 225 animae
1165 189 1372 224 naturam

47 250 134 290 hoc
154 260 256 289 esse
275 247 397 300 quod
409 245 536 285 Deus
557 250 641 294 est,
658 245 723 284 ita
739 243 849 284 facti
870 247 974 283 sunt
992 242 1232 282 densiores
1249 244 1375 280 tene-

49 306 177 357 brae3
198 304 410 358 quoniam
430 302 615 355 longius
641 313 667 340 a
686 306 733 341 te
751 303 1044 340 recesserunt
1062 296 1291 338 horrenda
1309 308 1377 335 ar-

47 361 275 415 rogantia,
292 372 318 400 a
334 364 394 410 te,
408 370 517 399 vero
540 357 708 397 lumine
728 356 1014 396 illuminante
1036 365 1215 395 omnem
1231 351 1375 394 homi-

46 431 153 459 nem
181 416 440 457 venientem
462 415 510 454 in
534 412 653 454 hunc
677 412 908 453 mundum.
967 410 1235 459 Adtendite‚
1269 407 1377 463 quid

47 474 236 524 dicatis,
261 477 307 513 et
325 471 607 520 erubescite,
633 474 679 510 et
699 468 905 510 accedite
925 468 980 508 ad
1001 480 1128 517 eum,
1149 471 1195 506 et
1210 465 1375 505 illumi-

48 530 238 579 namini,
273 533 319 568 et
347 528 500 568 vultus
523 528 665 567 vestri
686 538 777 566 non
804 524 1089 565 erubescent.
1148 522 1248 575 Ego
1277 533 1378 561 cum

49 584 379 634 deliberabam,
398 589 449 624 ut
464 584 555 623 iam
573 583 793 624 servirem
808 580 1007 621 Domino
1026 579 1128 619 Deo
1146 590 1273 628 meo,
1293 577 1378 617 sic-

46 649 98 684 ut
121 643 198 683 diu
222 641 562 694 disposueram,
587 651 674 693 ego
701 650 823 679 eram
843 638 919 691 qui
936 635 1167 685 volebam,
1193 645 1281 688 ego
1303 633 1380 687 qui

46 699 259 740 nolebam
272 728 283 748 ,
318 709 405 751 ego
440 709 526 751 ego
553 708 689 737 eram.
748 693 845 736 Nec
876 693 1009 747 plene
1031 691 1262 741 volebam,
1292 701 1377 730 nec

48 756 181 809 plene
200 753 427 794 nolebam.
486 753 595 793 Ideo
616 764 793 792 mecum
813 748 1159 799 contendebam,
1182 753 1228 787 et
1245 746 1378 787 dissi-

48 811 191 866 pabar
205 823 231 850 a
244 822 314 851 me
334 810 452 863 ipso.
483 809 542 849 Et
559 809 661 862 ipsa
679 807 919 861 dissipatio
938 818 1010 846 me
1028 805 1172 845 invito
1195 802 1377 856 quidem

52 868 205 917 fiebat,
223 878 307 906 nec
321 872 474 906 tamen
491 864 764 906 ostendebat
776 868 982 903 naturam
1000 861 1164 902 mentis
1183 859 1378 908 alienae,

8 975 11 977 -
51 925 133 964 sed
165 935 361 977 poenam
391 934 536 962 meae.
595 921 654 960 Et
675 920 781 960 ideo
808 932 900 959 non
922 919 1013 959 iam
1037 929 1123 972 ego
1151 914 1377 970 operabar

49 980 191 1029 illam,
209 979 289 1019 sed
306 978 427 1032 quod
441 977 677 1018 habitabat
688 977 735 1016 in
749 987 820 1017 me
836 980 1071 1029 peccatum
1087 973 1141 1014 de
1155 971 1380 1025 supplicio

54 1035 286 1076 liberioris
319 1035 519 1089 peccati,
553 1033 661 1088 quia
687 1045 811 1073 eram
838 1031 959 1071 filius
984 1031 1140 1071 Adam.
1200 1028 1314 1069 Nam
1341 1030 1376 1068 si

49 1098 123 1132 tot
148 1096 253 1132 sunt
275 1091 533 1131 contrariae
557 1094 768 1139 naturae,
792 1093 905 1142 quot
926 1088 1186 1128 voluntates
1205 1085 1291 1125 sibi
1311 1097 1378 1124 re-

51 1149 233 1197 sistunt,
253 1159 344 1187 non
362 1149 452 1187 iam
470 1147 608 1196 duae,
630 1145 711 1186 sed
727 1145 882 1199 plures
902 1149 1047 1185 erunt.
1087 1142 1135 1184 Si
1155 1141 1381 1182 deliberet

53 1205 305 1259 quisquam,
321 1208 470 1243 utrum
488 1203 545 1243 ad
561 1202 934 1243 conventiculum
952 1212 1109 1240 eorum
1126 1202 1303 1252 pergat,
1323 1210 1381 1237 an

54 1261 112 1301 ad
133 1259 385 1310 theatrum,
418 1260 614 1300 clamant
635 1260 733 1298 isti:
766 1258 886 1298 Ecce
915 1256 1030 1296 duae
1057 1261 1267 1304 naturae,
1290 1266 1381 1293 una

52 1317 175 1357 bona
198 1314 283 1356 hac
307 1315 452 1365 ducit,
479 1316 625 1355 altera
646 1314 767 1354 mala
782 1314 891 1354 illac
909 1312 1107 1362 reducit3
1141 1323 1242 1350 nam
1260 1309 1380 1349 unde

52 1374 143 1412 ista
157 1372 387 1412 cunctatio
404 1372 588 1412 sibimet
601 1369 939 1411 adversantium
951 1365 1264 1408 voluntatum&
1280 1366 1379 1419 Ego

56 1434 208 1468 autem
231 1427 334 1467 dico
361 1427 515 1467 ambas
538 1426 702 1476 malas,
740 1430 786 1465 et
809 1436 922 1478 quae
948 1423 1005 1464 ad
1026 1423 1134 1463 illos
1155 1422 1299 1472 ducit,
1337 1427 1382 1461 et

56 1497 172 1538 quae
196 1484 255 1524 ad
270 1482 499 1523 theatrum
516 1482 710 1523 reducit.
772 1480 864 1522 Sed
881 1493 972 1520 non
990 1479 1182 1520 credunt
1198 1478 1286 1518 nisi
1303 1477 1383 1517 bo-

55 1554 157 1580 nam
183 1551 307 1590 esse,
338 1552 427 1592 qua
446 1539 538 1579 itur
561 1537 618 1578 ad
642 1550 738 1578 eos.
800 1536 921 1586 Quid
944 1536 983 1576 si
1008 1547 1118 1589 ergo
1143 1536 1383 1588 quisquam

54 1602 261 1637 nostrum
277 1596 516 1645 deliberet,
533 1599 579 1635 et
596 1606 750 1634 secum
769 1592 1095 1633 altercantibus
1115 1591 1288 1631 duabus
1305 1602 1382 1630 vo-

56 1652 307 1693 luntatibus
327 1650 530 1701 fluctuet,
557 1656 707 1691 utrum
725 1649 782 1689 ad
800 1648 1026 1690 theatrum
1044 1652 1221 1702 pergat,
1248 1659 1304 1686 an
1323 1646 1381 1686 ad

57 1709 300 1749 ecclesiam
328 1713 546 1757 nostram,
575 1718 725 1747 nonne
745 1710 792 1746 et
807 1706 900 1756 isti,
927 1704 1036 1759 quid
1052 1702 1378 1757 respondeant,

58 1764 367 1805 fluctuabunt}
383 1765 470 1804 Aut
488 1764 607 1804 enim
626 1762 904 1811 fatebuntur,
923 1761 1046 1815 quod
1064 1760 1240 1809 nolunt,
1258 1758 1381 1799 bona

57 1821 292 1861 voluntate
323 1820 455 1874 pergi
476 1820 522 1860 in
547 1819 789 1860 ecclesiam
810 1823 1035 1867 nostram,
1069 1818 1189 1857 sicut
1209 1816 1256 1855 in
1281 1827 1379 1855 eam

56 1881 267 1930 pergunt,
286 1877 362 1930 qui
381 1876 678 1916 sacramentis
698 1875 795 1915 eius
814 1874 977 1914 imbuti
990 1878 1094 1913 sunt
1111 1878 1246 1927 atque
1267 1871 1379 1911 deti-

55 1939 238 1973 nentur:
258 1938 335 1972 aut
350 1932 460 1972 duas
474 1932 616 1972 malas
630 1936 830 1981 naturas,
847 1935 893 1970 et
912 1930 1023 1971 duas
1041 1929 1183 1969 malas
1202 1933 1378 1968 mentes

52 1989 102 2028 in
132 2001 221 2029 uno
254 1986 436 2028 homine
461 1987 709 2042 confligere
732 1987 978 2041 putabunt3
1011 1990 1057 2026 et
1079 1997 1171 2025 nou
1197 1985 1284 2024 erit
1304 1995 1378 2023 ve-

53 2056 168 2095 rum,
185 2044 308 2098 quod
326 2044 476 2084 solent
495 2043 647 2084 dicere
663 2056 799 2083 unam
815 2043 996 2093 bonam,
1017 2046 1064 2082 et
1080 2041 1271 2081 alteram
1286 2051 1377 2079 ma-

54 2099 157 2140 lam:
178 2105 256 2140 aut
268 2104 591 2141 convertentur
604 2099 662 2140 ad
674 2111 845 2149 verum,
856 2104 901 2139 et
917 2111 1008 2138 non
1021 2097 1267 2152 negabunt,
1278 2107 1379 2134 cum

57 2159 247 2210 quisque
263 2156 488 2197 deliberat
503 2156 694 2196 animam
706 2168 842 2195 unam
856 2155 1050 2196 diversis
1064 2150 1377 2193 voluntatibus

56 2218 281 2254 aestuare.
327 2212 421 2255 Iam
440 2224 550 2267 ergo
569 2224 661 2252 non
678 2211 846 2262 dicant,
866 2223 968 2253 cum
986 2210 1097 2251 duas
1115 2207 1377 2249 voluntates
