<?xml version="1.0" encoding="UTF-8"?>
<!DOCTYPE html PUBLIC "-//W3C//DTD XHTML 1.0 Transitional//EN"
    "http://www.w3.org/TR/xhtml1/DTD/xhtml1-transitional.dtd">
<html xmlns="http://www.w3.org/1999/xhtml" xml:lang="en" lang="en">
 <head>
  <title>
</title>
<meta http-equiv="Content-Type" content="text/html;charset=utf-8" />
  <meta name='ocr-system' content='tesseract 3.04.00' />
  <meta name='ocr-capabilities' content='ocr_page ocr_carea ocr_par ocr_line ocrx_word'/>
</head>
<body>
  <div class='ocr_page' id='page_1' title='image "./saureliiaugustin00augu_0064.png"; bbox 0 0 1473 2443; ppageno 0'>
   <div class='ocr_carea' id='block_1_1' title="bbox 86 118 1089 161">
    <p class='ocr_par' dir='ltr' id='par_1_1' title="bbox 86 118 1089 161">
     <span class='ocr_line' id='line_1_1' title="bbox 86 118 1089 161; baseline 0.001 -3"><span class='ocrx_word' id='word_1_1' title='bbox 86 120 138 159; x_wconf 73' lang='lat'>38</span> <span class='ocrx_word' id='word_1_2' title='bbox 402 119 687 161; x_wconf 83' lang='lat' dir='ltr'><strong>AURELII</strong></span> <span class='ocrx_word' id='word_1_3' title='bbox 714 118 1089 161; x_wconf 86' lang='lat' dir='ltr'>AUGUSTINI</span> 
     </span>
    </p>
   </div>
   <div class='ocr_carea' id='block_1_2' title="bbox 86 201 1408 2258">
    <p class='ocr_par' dir='ltr' id='par_1_2' title="bbox 86 201 1408 2258">
     <span class='ocr_line' id='line_1_2' title="bbox 89 201 1399 257; baseline -0.002 -14"><span class='ocrx_word' id='word_1_4' title='bbox 89 205 215 244; x_wconf 72' lang='lat' dir='ltr'>isaac</span> <span class='ocrx_word' id='word_1_5' title='bbox 235 209 280 244; x_wconf 90' lang='lat' dir='ltr'>et</span> <span class='ocrx_word' id='word_1_6' title='bbox 298 204 432 244; x_wconf 86' lang='lat' dir='ltr'>Iacob</span> <span class='ocrx_word' id='word_1_7' title='bbox 453 209 499 244; x_wconf 86' lang='lat' dir='ltr'>et</span> <span class='ocrx_word' id='word_1_8' title='bbox 516 204 706 257; x_wconf 82' lang='lat' dir='ltr'>Moyses</span> <span class='ocrx_word' id='word_1_9' title='bbox 727 209 771 244; x_wconf 89' lang='lat' dir='ltr'>et</span> <span class='ocrx_word' id='word_1_10' title='bbox 787 204 956 254; x_wconf 77' lang='lat' dir='ltr'>David,</span> <span class='ocrx_word' id='word_1_11' title='bbox 982 208 1027 244; x_wconf 83' lang='lat' dir='ltr'>et</span> <span class='ocrx_word' id='word_1_12' title='bbox 1045 203 1112 244; x_wconf 90' lang='lat' dir='ltr'>illi</span> <span class='ocrx_word' id='word_1_13' title='bbox 1135 214 1288 243; x_wconf 85' lang='lat' dir='ltr'>omnes</span> <span class='ocrx_word' id='word_1_14' title='bbox 1306 201 1399 241; x_wconf 85' lang='lat' dir='ltr'>lau-</span> 
     </span>
     <span class='ocr_line' id='line_1_3' title="bbox 88 259 1398 314; baseline -0.002 -15"><span class='ocrx_word' id='word_1_15' title='bbox 88 259 184 299; x_wconf 81' lang='lat' dir='ltr'>dati</span> <span class='ocrx_word' id='word_1_16' title='bbox 210 272 287 299; x_wconf 90' lang='lat' dir='ltr'>ore</span> <span class='ocrx_word' id='word_1_17' title='bbox 313 260 422 310; x_wconf 83' lang='lat' dir='ltr'>Dei3</span> <span class='ocrx_word' id='word_1_18' title='bbox 455 260 537 299; x_wconf 87' lang='lat' dir='ltr'>sed</span> <span class='ocrx_word' id='word_1_19' title='bbox 563 272 642 300; x_wconf 91' lang='lat' dir='ltr'>eos</span> <span class='ocrx_word' id='word_1_20' title='bbox 666 260 719 300; x_wconf 88' lang='lat' dir='ltr'>ab</span> <span class='ocrx_word' id='word_1_21' title='bbox 742 261 964 314; x_wconf 86' lang='lat' dir='ltr'>imperitis</span> <span class='ocrx_word' id='word_1_22' title='bbox 991 260 1185 299; x_wconf 87' lang='lat' dir='ltr'>iudicari</span> <span class='ocrx_word' id='word_1_23' title='bbox 1201 259 1398 311; x_wconf 89' lang='lat' dir='ltr'>iniquos,</span> 
     </span>
     <span class='ocr_line' id='line_1_4' title="bbox 86 312 1399 366; baseline -0.002 -12"><span class='ocrx_word' id='word_1_24' title='bbox 86 315 391 354; x_wconf 85' lang='lat' dir='ltr'>iudicantibus</span> <span class='ocrx_word' id='word_1_25' title='bbox 419 328 475 354; x_wconf 81' lang='lat' dir='ltr'>ex</span> <span class='ocrx_word' id='word_1_26' title='bbox 498 314 692 356; x_wconf 87' lang='lat' dir='ltr'>humano</span> <span class='ocrx_word' id='word_1_27' title='bbox 713 316 805 366; x_wconf 89' lang='lat' dir='ltr'>die,</span> <span class='ocrx_word' id='word_1_28' title='bbox 834 321 879 356; x_wconf 90' lang='lat' dir='ltr'>et</span> <span class='ocrx_word' id='word_1_29' title='bbox 896 316 1132 355; x_wconf 80' lang='lat' dir='ltr'>universos</span> <span class='ocrx_word' id='word_1_30' title='bbox 1149 326 1301 354; x_wconf 89' lang='lat' dir='ltr'>mores</span> <span class='ocrx_word' id='word_1_31' title='bbox 1322 312 1399 352; x_wconf 92' lang='lat' dir='ltr'>hu-</span> 
     </span>
     <span class='ocr_line' id='line_1_5' title="bbox 87 371 1401 424; baseline -0.002 -15"><span class='ocrx_word' id='word_1_32' title='bbox 87 371 208 409; x_wconf 87' lang='lat' dir='ltr'>mani</span> <span class='ocrx_word' id='word_1_33' title='bbox 231 371 413 423; x_wconf 82' lang='lat' dir='ltr'>generis</span> <span class='ocrx_word' id='word_1_34' title='bbox 443 383 499 411; x_wconf 80' lang='lat' dir='ltr'>ex</span> <span class='ocrx_word' id='word_1_35' title='bbox 522 378 651 424; x_wconf 84' lang='lat' dir='ltr'>parte</span> <span class='ocrx_word' id='word_1_36' title='bbox 676 372 815 411; x_wconf 88' lang='lat' dir='ltr'>moris</span> <span class='ocrx_word' id='word_1_37' title='bbox 844 373 916 411; x_wconf 89' lang='lat' dir='ltr'>sui</span> <span class='ocrx_word' id='word_1_38' title='bbox 939 371 1257 411; x_wconf 82' lang='lat' dir='ltr'>metientibus:</span> <span class='ocrx_word' id='word_1_39' title='bbox 1292 374 1401 408; x_wconf 85' lang='lat' dir='ltr'>tam-</span> 
     </span>
     <span class='ocr_line' id='line_1_6' title="bbox 88 425 1399 479; baseline -0.001 -15"><span class='ocrx_word' id='word_1_40' title='bbox 88 439 221 478; x_wconf 85' lang='lat' dir='ltr'>quam</span> <span class='ocrx_word' id='word_1_41' title='bbox 254 427 293 465; x_wconf 89' lang='lat' dir='ltr'>si</span> <span class='ocrx_word' id='word_1_42' title='bbox 327 426 427 478; x_wconf 88' lang='lat' dir='ltr'>quis</span> <span class='ocrx_word' id='word_1_43' title='bbox 460 428 642 467; x_wconf 89' lang='lat' dir='ltr'>nescius</span> <span class='ocrx_word' id='word_1_44' title='bbox 674 429 720 467; x_wconf 91' lang='lat' dir='ltr'>in</span> <span class='ocrx_word' id='word_1_45' title='bbox 752 427 1063 476; x_wconf 78' lang='lat' dir='ltr'><strong>armamentis,</strong></span> <span class='ocrx_word' id='word_1_46' title='bbox 1097 426 1205 479; x_wconf 87' lang='lat' dir='ltr'>quid</span> <span class='ocrx_word' id='word_1_47' title='bbox 1237 425 1399 476; x_wconf 86' lang='lat' dir='ltr'>cuique</span> 
     </span>
     <span class='ocr_line' id='line_1_7' title="bbox 87 481 1401 533; baseline 0 -14"><span class='ocrx_word' id='word_1_48' title='bbox 87 481 289 520; x_wconf 86' lang='lat' dir='ltr'>membro</span> <span class='ocrx_word' id='word_1_49' title='bbox 323 483 714 522; x_wconf 85' lang='lat' dir='ltr'>accommodatum</span> <span class='ocrx_word' id='word_1_50' title='bbox 739 484 819 532; x_wconf 90' lang='lat' dir='ltr'>sit,</span> <span class='ocrx_word' id='word_1_51' title='bbox 850 495 986 523; x_wconf 85' lang='lat' dir='ltr'>ocrea</span> <span class='ocrx_word' id='word_1_52' title='bbox 1007 482 1120 522; x_wconf 86' lang='lat' dir='ltr'>velit</span> <span class='ocrx_word' id='word_1_53' title='bbox 1145 485 1279 533; x_wconf 85' lang='lat' dir='ltr'>caput</span> <span class='ocrx_word' id='word_1_54' title='bbox 1298 493 1401 520; x_wconf 91' lang='lat' dir='ltr'>con-</span> 
     </span>
     <span class='ocr_line' id='line_1_8' title="bbox 87 537 1402 590; baseline -0.002 -14"><span class='ocrx_word' id='word_1_55' title='bbox 87 537 203 590; x_wconf 83' lang='lat' dir='ltr'>tegi,</span> <span class='ocrx_word' id='word_1_56' title='bbox 231 542 277 576; x_wconf 89' lang='lat' dir='ltr'>et</span> <span class='ocrx_word' id='word_1_57' title='bbox 294 537 427 590; x_wconf 80' lang='lat' dir='ltr'>galea</span> <span class='ocrx_word' id='word_1_58' title='bbox 444 537 660 589; x_wconf 85' lang='lat' dir='ltr'>calceari;</span> <span class='ocrx_word' id='word_1_59' title='bbox 694 544 739 578; x_wconf 82' lang='lat' dir='ltr'>et</span> <span class='ocrx_word' id='word_1_60' title='bbox 755 543 1023 587; x_wconf 82' lang='lat' dir='ltr'>murmuret,</span> <span class='ocrx_word' id='word_1_61' title='bbox 1050 537 1173 590; x_wconf 89' lang='lat' dir='ltr'>quod</span> <span class='ocrx_word' id='word_1_62' title='bbox 1189 549 1280 576; x_wconf 90' lang='lat' dir='ltr'>non</span> <span class='ocrx_word' id='word_1_63' title='bbox 1299 542 1402 588; x_wconf 83' lang='lat' dir='ltr'>apte</span> 
     </span>
     <span class='ocr_line' id='line_1_9' title="bbox 91 590 1402 647; baseline -0.001 -17"><span class='ocrx_word' id='word_1_64' title='bbox 91 593 355 632; x_wconf 70' lang='lat' dir='ltr'>conveniat:</span> <span class='ocrx_word' id='word_1_65' title='bbox 376 598 452 632; x_wconf 88' lang='lat' dir='ltr'>aut</span> <span class='ocrx_word' id='word_1_66' title='bbox 465 594 610 634; x_wconf 90' lang='lat' dir='ltr'>inuno</span> <span class='ocrx_word' id='word_1_67' title='bbox 627 592 1255 647; x_wconf 86' lang='lat' dir='ltr'>dieindictoapomeridianis</span> <span class='ocrx_word' id='word_1_68' title='bbox 1276 590 1402 630; x_wconf 87' lang='lat' dir='ltr'>horis</span> 
     </span>
     <span class='ocr_line' id='line_1_10' title="bbox 87 646 1403 701; baseline -0.001 -15"><span class='ocrx_word' id='word_1_69' title='bbox 87 648 290 697; x_wconf 77' lang='lat' dir='ltr'>iustitio,</span> <span class='ocrx_word' id='word_1_70' title='bbox 331 650 566 701; x_wconf 88' lang='lat' dir='ltr'>quisquam</span> <span class='ocrx_word' id='word_1_71' title='bbox 599 648 931 700; x_wconf 78' lang='lat' dir='ltr'>stomachetur,</span> <span class='ocrx_word' id='word_1_72' title='bbox 971 661 1061 688; x_wconf 89' lang='lat' dir='ltr'>non</span> <span class='ocrx_word' id='word_1_73' title='bbox 1092 649 1180 688; x_wconf 88' lang='lat' dir='ltr'>sibi</span> <span class='ocrx_word' id='word_1_74' title='bbox 1212 646 1403 687; x_wconf 88' lang='lat' dir='ltr'>concedi</span> 
     </span>
     <span class='ocr_line' id='line_1_11' title="bbox 90 703 1400 758; baseline -0.002 -16"><span class='ocrx_word' id='word_1_75' title='bbox 90 703 199 756; x_wconf 89' lang='lat' dir='ltr'>quid</span> <span class='ocrx_word' id='word_1_76' title='bbox 230 704 389 744; x_wconf 83' lang='lat' dir='ltr'>venale</span> <span class='ocrx_word' id='word_1_77' title='bbox 413 717 693 757; x_wconf 85' lang='lat' dir='ltr'>proponere,</span> <span class='ocrx_word' id='word_1_78' title='bbox 728 706 835 758; x_wconf 84' lang='lat' dir='ltr'>quia</span> <span class='ocrx_word' id='word_1_79' title='bbox 856 716 987 744; x_wconf 86' lang='lat' dir='ltr'>mane</span> <span class='ocrx_word' id='word_1_80' title='bbox 1018 716 1286 744; x_wconf 87' lang='lat' dir='ltr'>concessum</span> <span class='ocrx_word' id='word_1_81' title='bbox 1312 707 1400 741; x_wconf 88' lang='lat' dir='ltr'>est:</span> 
     </span>
     <span class='ocr_line' id='line_1_12' title="bbox 88 759 1406 814; baseline -0.001 -17"><span class='ocrx_word' id='word_1_82' title='bbox 88 764 167 798; x_wconf 87' lang='lat' dir='ltr'>aut</span> <span class='ocrx_word' id='word_1_83' title='bbox 197 759 244 798; x_wconf 90' lang='lat' dir='ltr'>in</span> <span class='ocrx_word' id='word_1_84' title='bbox 275 772 364 799; x_wconf 87' lang='lat' dir='ltr'>una</span> <span class='ocrx_word' id='word_1_85' title='bbox 398 760 531 800; x_wconf 89' lang='lat' dir='ltr'>domo</span> <span class='ocrx_word' id='word_1_86' title='bbox 563 761 718 800; x_wconf 83' lang='lat' dir='ltr'>videat</span> <span class='ocrx_word' id='word_1_87' title='bbox 740 761 911 814; x_wconf 87' lang='lat' dir='ltr'>aliquid</span> <span class='ocrx_word' id='word_1_88' title='bbox 933 760 1123 800; x_wconf 88' lang='lat' dir='ltr'>tractari</span> <span class='ocrx_word' id='word_1_89' title='bbox 1145 759 1351 798; x_wconf 86' lang='lat' dir='ltr'>manibus</span> <span class='ocrx_word' id='word_1_90' title='bbox 1379 769 1406 796; x_wconf 88' lang='lat' dir='ltr'>a</span> 
     </span>
     <span class='ocr_line' id='line_1_13' title="bbox 89 813 1406 868; baseline -0.002 -15"><span class='ocrx_word' id='word_1_91' title='bbox 89 827 317 867; x_wconf 85' lang='lat' dir='ltr'>quoquam</span> <span class='ocrx_word' id='word_1_92' title='bbox 341 828 496 865; x_wconf 79' lang='lat' dir='ltr'>servo,</span> <span class='ocrx_word' id='word_1_93' title='bbox 522 817 643 868; x_wconf 90' lang='lat' dir='ltr'>quod</span> <span class='ocrx_word' id='word_1_94' title='bbox 668 815 822 856; x_wconf 85' lang='lat' dir='ltr'>facere</span> <span class='ocrx_word' id='word_1_95' title='bbox 848 828 937 855; x_wconf 90' lang='lat' dir='ltr'>non</span> <span class='ocrx_word' id='word_1_96' title='bbox 954 816 1129 855; x_wconf 88' lang='lat' dir='ltr'>sinatur</span> <span class='ocrx_word' id='word_1_97' title='bbox 1147 815 1223 866; x_wconf 84' lang='lat' dir='ltr'>qui</span> <span class='ocrx_word' id='word_1_98' title='bbox 1238 813 1406 866; x_wconf 85' lang='lat' dir='ltr'>pocula</span> 
     </span>
     <span class='ocr_line' id='line_1_14' title="bbox 86 870 1403 925; baseline -0.002 -15"><span class='ocrx_word' id='word_1_99' title='bbox 86 870 335 910; x_wconf 84' lang='lat' dir='ltr'>ministrat:</span> <span class='ocrx_word' id='word_1_100' title='bbox 369 877 445 911; x_wconf 91' lang='lat' dir='ltr'>aut</span> <span class='ocrx_word' id='word_1_101' title='bbox 462 872 636 925; x_wconf 87' lang='lat' dir='ltr'>aliquid</span> <span class='ocrx_word' id='word_1_102' title='bbox 651 877 757 924; x_wconf 88' lang='lat' dir='ltr'>post</span> <span class='ocrx_word' id='word_1_103' title='bbox 773 872 1013 924; x_wconf 85' lang='lat' dir='ltr'>praesepia</span> <span class='ocrx_word' id='word_1_104' title='bbox 1030 871 1143 920; x_wconf 88' lang='lat' dir='ltr'>fieri,</span> <span class='ocrx_word' id='word_1_105' title='bbox 1160 870 1282 923; x_wconf 87' lang='lat' dir='ltr'>quod</span> <span class='ocrx_word' id='word_1_106' title='bbox 1301 874 1403 908; x_wconf 86' lang='lat' dir='ltr'>aute</span> 
     </span>
     <span class='ocr_line' id='line_1_15' title="bbox 87 924 1405 981; baseline -0.002 -15"><span class='ocrx_word' id='word_1_107' title='bbox 87 938 289 966; x_wconf 86' lang='lat' dir='ltr'>mensam</span> <span class='ocrx_word' id='word_1_108' title='bbox 301 925 616 978; x_wconf 82' lang='lat' dir='ltr'>prohibeatur;</span> <span class='ocrx_word' id='word_1_109' title='bbox 638 934 683 968; x_wconf 88' lang='lat' dir='ltr'>et</span> <span class='ocrx_word' id='word_1_110' title='bbox 699 929 975 981; x_wconf 82' lang='lat' dir='ltr'>indignetur,</span> <span class='ocrx_word' id='word_1_111' title='bbox 989 940 1088 966; x_wconf 90' lang='lat' dir='ltr'>cum</span> <span class='ocrx_word' id='word_1_112' title='bbox 1107 927 1166 966; x_wconf 89' lang='lat' dir='ltr'>sit</span> <span class='ocrx_word' id='word_1_113' title='bbox 1177 939 1313 965; x_wconf 85' lang='lat' dir='ltr'>unum</span> <span class='ocrx_word' id='word_1_114' title='bbox 1331 924 1405 963; x_wconf 88' lang='lat' dir='ltr'>ha-</span> 
     </span>
     <span class='ocr_line' id='line_1_16' title="bbox 87 981 1406 1035; baseline -0.001 -15"><span class='ocrx_word' id='word_1_115' title='bbox 87 982 337 1021; x_wconf 87' lang='lat' dir='ltr'>bitaculum</span> <span class='ocrx_word' id='word_1_116' title='bbox 362 987 407 1022; x_wconf 86' lang='lat' dir='ltr'>et</span> <span class='ocrx_word' id='word_1_117' title='bbox 428 996 517 1022; x_wconf 90' lang='lat' dir='ltr'>una</span> <span class='ocrx_word' id='word_1_118' title='bbox 533 982 728 1033; x_wconf 88' lang='lat' dir='ltr'>familia,</span> <span class='ocrx_word' id='word_1_119' title='bbox 748 996 839 1023; x_wconf 91' lang='lat' dir='ltr'>non</span> <span class='ocrx_word' id='word_1_120' title='bbox 856 983 1023 1035; x_wconf 91' lang='lat' dir='ltr'>ubique</span> <span class='ocrx_word' id='word_1_121' title='bbox 1043 988 1177 1035; x_wconf 85' lang='lat' dir='ltr'>atque</span> <span class='ocrx_word' id='word_1_122' title='bbox 1198 981 1406 1022; x_wconf 88' lang='lat' dir='ltr'>omnibus</span> 
     </span>
     <span class='ocr_line' id='line_1_17' title="bbox 87 1038 1407 1093; baseline -0.001 -17"><span class='ocrx_word' id='word_1_123' title='bbox 87 1038 209 1077; x_wconf 88' lang='lat' dir='ltr'>idem</span> <span class='ocrx_word' id='word_1_124' title='bbox 235 1038 387 1078; x_wconf 88' lang='lat' dir='ltr'>tribui.</span> <span class='ocrx_word' id='word_1_125' title='bbox 450 1038 525 1079; x_wconf 81' lang='lat' dir='ltr'>Sic</span> <span class='ocrx_word' id='word_1_126' title='bbox 551 1045 656 1079; x_wconf 88' lang='lat' dir='ltr'>sunt</span> <span class='ocrx_word' id='word_1_127' title='bbox 676 1040 756 1079; x_wconf 88' lang='lat' dir='ltr'>isti</span> <span class='ocrx_word' id='word_1_128' title='bbox 781 1040 857 1093; x_wconf 91' lang='lat' dir='ltr'>qui</span> <span class='ocrx_word' id='word_1_129' title='bbox 873 1039 1187 1092; x_wconf 76' lang='lat' dir='ltr'>indignantur,</span> <span class='ocrx_word' id='word_1_130' title='bbox 1217 1050 1317 1077; x_wconf 91' lang='lat' dir='ltr'>cum</span> <span class='ocrx_word' id='word_1_131' title='bbox 1332 1049 1407 1075; x_wconf 87' lang='lat' dir='ltr'>au-</span> 
     </span>
     <span class='ocr_line' id='line_1_18' title="bbox 89 1093 1403 1146; baseline -0.001 -14"><span class='ocrx_word' id='word_1_132' title='bbox 89 1093 258 1133; x_wconf 83' lang='lat' dir='ltr'>dierint</span> <span class='ocrx_word' id='word_1_133' title='bbox 280 1094 359 1134; x_wconf 87' lang='lat' dir='ltr'>illo</span> <span class='ocrx_word' id='word_1_134' title='bbox 389 1095 572 1134; x_wconf 84' lang='lat' dir='ltr'>saeculo</span> <span class='ocrx_word' id='word_1_135' title='bbox 600 1095 787 1135; x_wconf 82' lang='lat' dir='ltr'>licuisse</span> <span class='ocrx_word' id='word_1_136' title='bbox 805 1095 937 1135; x_wconf 89' lang='lat' dir='ltr'>iustis</span> <span class='ocrx_word' id='word_1_137' title='bbox 955 1094 1149 1146; x_wconf 83' lang='lat' dir='ltr'>aliquid,</span> <span class='ocrx_word' id='word_1_138' title='bbox 1175 1093 1296 1146; x_wconf 87' lang='lat' dir='ltr'>quod</span> <span class='ocrx_word' id='word_1_139' title='bbox 1312 1093 1403 1132; x_wconf 90' lang='lat' dir='ltr'>isto</span> 
     </span>
     <span class='ocr_line' id='line_1_19' title="bbox 88 1149 1405 1204; baseline -0.002 -15"><span class='ocrx_word' id='word_1_140' title='bbox 88 1161 180 1189; x_wconf 92' lang='lat' dir='ltr'>non</span> <span class='ocrx_word' id='word_1_141' title='bbox 212 1149 322 1189; x_wconf 85' lang='lat' dir='ltr'>licet</span> <span class='ocrx_word' id='word_1_142' title='bbox 352 1150 505 1201; x_wconf 85' lang='lat' dir='ltr'>iustis3</span> <span class='ocrx_word' id='word_1_143' title='bbox 540 1156 585 1190; x_wconf 91' lang='lat' dir='ltr'>et</span> <span class='ocrx_word' id='word_1_144' title='bbox 609 1152 715 1204; x_wconf 86' lang='lat' dir='ltr'>quia</span> <span class='ocrx_word' id='word_1_145' title='bbox 737 1151 831 1190; x_wconf 91' lang='lat' dir='ltr'>illis</span> <span class='ocrx_word' id='word_1_146' title='bbox 856 1150 982 1190; x_wconf 85' lang='lat' dir='ltr'>aliud</span> <span class='ocrx_word' id='word_1_147' title='bbox 1006 1149 1241 1203; x_wconf 84' lang='lat' dir='ltr'>praecepit</span> <span class='ocrx_word' id='word_1_148' title='bbox 1263 1149 1405 1197; x_wconf 82' lang='lat' dir='ltr'>Deus,</span> 
     </span>
     <span class='ocr_line' id='line_1_20' title="bbox 87 1204 1408 1260; baseline -0.001 -17"><span class='ocrx_word' id='word_1_149' title='bbox 87 1205 191 1244; x_wconf 88' lang='lat' dir='ltr'>istis</span> <span class='ocrx_word' id='word_1_150' title='bbox 212 1205 335 1244; x_wconf 83' lang='lat' dir='ltr'>aliud</span> <span class='ocrx_word' id='word_1_151' title='bbox 352 1218 433 1257; x_wconf 88' lang='lat' dir='ltr'>pro</span> <span class='ocrx_word' id='word_1_152' title='bbox 453 1207 781 1260; x_wconf 80' lang='lat' dir='ltr'>temporalibus</span> <span class='ocrx_word' id='word_1_153' title='bbox 803 1207 973 1256; x_wconf 88' lang='lat' dir='ltr'>causis,</span> <span class='ocrx_word' id='word_1_154' title='bbox 995 1219 1094 1246; x_wconf 82' lang='lat' dir='ltr'>cum</span> <span class='ocrx_word' id='word_1_155' title='bbox 1114 1205 1262 1244; x_wconf 87' lang='lat' dir='ltr'>eidem</span> <span class='ocrx_word' id='word_1_156' title='bbox 1279 1204 1408 1244; x_wconf 88' lang='lat' dir='ltr'>iusti-</span> 
     </span>
     <span class='ocr_line' id='line_1_21' title="bbox 89 1261 1405 1314; baseline -0.001 -16"><span class='ocrx_word' id='word_1_157' title='bbox 89 1261 183 1299; x_wconf 79' lang='lat' dir='ltr'>tiae</span> <span class='ocrx_word' id='word_1_158' title='bbox 203 1262 384 1314; x_wconf 83' lang='lat' dir='ltr'>utrique</span> <span class='ocrx_word' id='word_1_159' title='bbox 405 1264 667 1302; x_wconf 83' lang='lat' dir='ltr'>servierint:</span> <span class='ocrx_word' id='word_1_160' title='bbox 703 1276 804 1303; x_wconf 88' lang='lat' dir='ltr'>cum</span> <span class='ocrx_word' id='word_1_161' title='bbox 820 1264 866 1302; x_wconf 91' lang='lat' dir='ltr'>in</span> <span class='ocrx_word' id='word_1_162' title='bbox 883 1275 973 1303; x_wconf 90' lang='lat' dir='ltr'>uno</span> <span class='ocrx_word' id='word_1_163' title='bbox 993 1261 1175 1302; x_wconf 89' lang='lat' dir='ltr'>homine</span> <span class='ocrx_word' id='word_1_164' title='bbox 1192 1261 1299 1300; x_wconf 88' lang='lat' dir='ltr'>etin</span> <span class='ocrx_word' id='word_1_165' title='bbox 1316 1271 1405 1299; x_wconf 90' lang='lat' dir='ltr'>uno</span> 
     </span>
     <span class='ocr_line' id='line_1_22' title="bbox 92 1315 1406 1365; baseline -0.001 -11"><span class='ocrx_word' id='word_1_166' title='bbox 92 1315 180 1365; x_wconf 86' lang='lat' dir='ltr'>die,</span> <span class='ocrx_word' id='word_1_167' title='bbox 196 1321 241 1355; x_wconf 88' lang='lat' dir='ltr'>et</span> <span class='ocrx_word' id='word_1_168' title='bbox 255 1317 301 1355; x_wconf 90' lang='lat' dir='ltr'>in</span> <span class='ocrx_word' id='word_1_169' title='bbox 312 1319 413 1356; x_wconf 87' lang='lat' dir='ltr'>unis</span> <span class='ocrx_word' id='word_1_170' title='bbox 433 1318 621 1358; x_wconf 84' lang='lat' dir='ltr'>aedibus</span> <span class='ocrx_word' id='word_1_171' title='bbox 640 1319 824 1358; x_wconf 71' lang='lat' dir='ltr'>videant</span> <span class='ocrx_word' id='word_1_172' title='bbox 842 1318 965 1357; x_wconf 86' lang='lat' dir='ltr'>aliud</span> <span class='ocrx_word' id='word_1_173' title='bbox 984 1318 1063 1357; x_wconf 85' lang='lat' dir='ltr'>alii</span> <span class='ocrx_word' id='word_1_174' title='bbox 1079 1317 1280 1357; x_wconf 88' lang='lat' dir='ltr'>membro</span> <span class='ocrx_word' id='word_1_175' title='bbox 1303 1328 1406 1354; x_wconf 83' lang='lat' dir='ltr'>eon-</span> 
     </span>
     <span class='ocr_line' id='line_1_23' title="bbox 90 1372 1407 1425; baseline -0.002 -15"><span class='ocrx_word' id='word_1_176' title='bbox 90 1383 254 1423; x_wconf 75' lang='lat' dir='ltr'>gruere</span> <span class='ocrx_word' id='word_1_177' title='bbox 267 1403 277 1421; x_wconf 93' lang='lat'>,</span> <span class='ocrx_word' id='word_1_178' title='bbox 299 1378 344 1412; x_wconf 87' lang='lat' dir='ltr'>et</span> <span class='ocrx_word' id='word_1_179' title='bbox 363 1373 486 1412; x_wconf 88' lang='lat' dir='ltr'>aliud</span> <span class='ocrx_word' id='word_1_180' title='bbox 503 1374 593 1413; x_wconf 87' lang='lat' dir='ltr'>iam</span> <span class='ocrx_word' id='word_1_181' title='bbox 614 1374 781 1414; x_wconf 87' lang='lat' dir='ltr'>dudum</span> <span class='ocrx_word' id='word_1_182' title='bbox 798 1375 1000 1421; x_wconf 81' lang='lat' dir='ltr'>licuisse,</span> <span class='ocrx_word' id='word_1_183' title='bbox 1018 1378 1125 1425; x_wconf 87' lang='lat' dir='ltr'>post</span> <span class='ocrx_word' id='word_1_184' title='bbox 1141 1372 1298 1411; x_wconf 83' lang='lat' dir='ltr'>horam</span> <span class='ocrx_word' id='word_1_185' title='bbox 1316 1383 1407 1409; x_wconf 90' lang='lat' dir='ltr'>non</span> 
     </span>
     <span class='ocr_line' id='line_1_24' title="bbox 88 1426 1406 1483; baseline -0.001 -18"><span class='ocrx_word' id='word_1_186' title='bbox 88 1426 250 1466; x_wconf 87' lang='lat' dir='ltr'>licere:</span> <span class='ocrx_word' id='word_1_187' title='bbox 285 1428 496 1480; x_wconf 81' lang='lat' dir='ltr'>quiddam</span> <span class='ocrx_word' id='word_1_188' title='bbox 526 1430 572 1469; x_wconf 87' lang='lat' dir='ltr'>in</span> <span class='ocrx_word' id='word_1_189' title='bbox 602 1430 684 1469; x_wconf 89' lang='lat' dir='ltr'>illo</span> <span class='ocrx_word' id='word_1_190' title='bbox 719 1430 886 1483; x_wconf 84' lang='lat' dir='ltr'>angulo</span> <span class='ocrx_word' id='word_1_191' title='bbox 912 1430 1116 1482; x_wconf 85' lang='lat' dir='ltr'>permitti</span> <span class='ocrx_word' id='word_1_192' title='bbox 1140 1433 1217 1467; x_wconf 80' lang='lat' dir='ltr'>aut</span> <span class='ocrx_word' id='word_1_193' title='bbox 1242 1426 1406 1472; x_wconf 86' lang='lat' dir='ltr'>iuberi,</span> 
     </span>
     <span class='ocr_line' id='line_1_25' title="bbox 90 1481 1407 1534; baseline -0.001 -14"><span class='ocrx_word' id='word_1_194' title='bbox 90 1483 212 1534; x_wconf 83' lang='lat' dir='ltr'>quod</span> <span class='ocrx_word' id='word_1_195' title='bbox 244 1484 289 1522; x_wconf 89' lang='lat' dir='ltr'>in</span> <span class='ocrx_word' id='word_1_196' title='bbox 318 1484 408 1523; x_wconf 88' lang='lat' dir='ltr'>isto</span> <span class='ocrx_word' id='word_1_197' title='bbox 433 1485 551 1524; x_wconf 87' lang='lat' dir='ltr'>iuste</span> <span class='ocrx_word' id='word_1_198' title='bbox 576 1490 755 1525; x_wconf 71' lang='lat' dir='ltr'>vetetur</span> <span class='ocrx_word' id='word_1_199' title='bbox 781 1492 826 1525; x_wconf 88' lang='lat' dir='ltr'>et</span> <span class='ocrx_word' id='word_1_200' title='bbox 852 1485 1119 1524; x_wconf 78' lang='lat' dir='ltr'>vindicetur.</span> <span class='ocrx_word' id='word_1_201' title='bbox 1178 1481 1407 1533; x_wconf 79' lang='lat' dir='ltr'>Numquid</span> 
     </span>
     <span class='ocr_line' id='line_1_26' title="bbox 88 1538 1404 1592; baseline -0.001 -16"><span class='ocrx_word' id='word_1_202' title='bbox 88 1538 265 1577; x_wconf 83' lang='lat' dir='ltr'>iustitia</span> <span class='ocrx_word' id='word_1_203' title='bbox 295 1540 422 1578; x_wconf 75' lang='lat' dir='ltr'>varia</span> <span class='ocrx_word' id='word_1_204' title='bbox 454 1545 524 1580; x_wconf 87' lang='lat' dir='ltr'>est</span> <span class='ocrx_word' id='word_1_205' title='bbox 548 1547 592 1580; x_wconf 82' lang='lat' dir='ltr'>et</span> <span class='ocrx_word' id='word_1_206' title='bbox 613 1540 869 1581; x_wconf 58' lang='lat' dir='ltr'>mutabilis‘t</span> <span class='ocrx_word' id='word_1_207' title='bbox 900 1540 991 1581; x_wconf 87' lang='lat' dir='ltr'>Sed</span> <span class='ocrx_word' id='word_1_208' title='bbox 1012 1545 1220 1592; x_wconf 81' lang='lat' dir='ltr'>tempora</span> <span class='ocrx_word' id='word_1_209' title='bbox 1244 1538 1404 1590; x_wconf 87' lang='lat' dir='ltr'>quibus</span> 
     </span>
     <span class='ocr_line' id='line_1_27' title="bbox 91 1593 1404 1648; baseline -0.001 -17"><span class='ocrx_word' id='word_1_210' title='bbox 91 1594 335 1645; x_wconf 81' lang='lat' dir='ltr'>praesidet,</span> <span class='ocrx_word' id='word_1_211' title='bbox 355 1608 446 1634; x_wconf 88' lang='lat' dir='ltr'>non</span> <span class='ocrx_word' id='word_1_212' title='bbox 464 1597 634 1647; x_wconf 73' lang='lat' dir='ltr'>pariter</span> <span class='ocrx_word' id='word_1_213' title='bbox 654 1602 1005 1648; x_wconf 83' lang='lat' dir='ltr'>eunt3-temp0ra</span> <span class='ocrx_word' id='word_1_214' title='bbox 1023 1598 1140 1634; x_wconf 85' lang='lat' dir='ltr'>enim</span> <span class='ocrx_word' id='word_1_215' title='bbox 1161 1600 1277 1633; x_wconf 81' lang='lat' dir='ltr'>sunt.</span> <span class='ocrx_word' id='word_1_216' title='bbox 1311 1593 1404 1631; x_wconf 75' lang='lat' dir='ltr'>Ho-</span> 
     </span>
     <span class='ocr_line' id='line_1_28' title="bbox 89 1649 1403 1703; baseline -0.001 -16"><span class='ocrx_word' id='word_1_217' title='bbox 89 1649 234 1688; x_wconf 87' lang='lat' dir='ltr'>mines</span> <span class='ocrx_word' id='word_1_218' title='bbox 261 1654 432 1699; x_wconf 85' lang='lat' dir='ltr'>autem,</span> <span class='ocrx_word' id='word_1_219' title='bbox 460 1664 650 1703; x_wconf 81' lang='lat' dir='ltr'>quorum</span> <span class='ocrx_word' id='word_1_220' title='bbox 673 1653 767 1691; x_wconf 82' lang='lat' dir='ltr'>vita</span> <span class='ocrx_word' id='word_1_221' title='bbox 794 1664 930 1703; x_wconf 90' lang='lat' dir='ltr'>super</span> <span class='ocrx_word' id='word_1_222' title='bbox 951 1657 1118 1689; x_wconf 87' lang='lat' dir='ltr'>terram</span> <span class='ocrx_word' id='word_1_223' title='bbox 1141 1649 1292 1688; x_wconf 78' lang='lat' dir='ltr'>brevis</span> <span class='ocrx_word' id='word_1_224' title='bbox 1321 1654 1403 1696; x_wconf 74' lang='lat' dir='ltr'>est,</span> 
     </span>
     <span class='ocr_line' id='line_1_29' title="bbox 92 1704 1404 1756; baseline -0.001 -14"><span class='ocrx_word' id='word_1_225' title='bbox 92 1704 198 1756; x_wconf 86' lang='lat' dir='ltr'>quia</span> <span class='ocrx_word' id='word_1_226' title='bbox 223 1716 359 1744; x_wconf 88' lang='lat' dir='ltr'>sensu</span> <span class='ocrx_word' id='word_1_227' title='bbox 382 1718 471 1745; x_wconf 89' lang='lat' dir='ltr'>non</span> <span class='ocrx_word' id='word_1_228' title='bbox 496 1707 650 1746; x_wconf 76' lang='lat' dir='ltr'>valent</span> <span class='ocrx_word' id='word_1_229' title='bbox 674 1719 833 1746; x_wconf 83' lang='lat' dir='ltr'>causas</span> <span class='ocrx_word' id='word_1_230' title='bbox 853 1711 1097 1746; x_wconf 83' lang='lat' dir='ltr'>contexere</span> <span class='ocrx_word' id='word_1_231' title='bbox 1117 1704 1404 1743; x_wconf 79' lang='lat' dir='ltr'>saeculorum</span> 
     </span>
     <span class='ocr_line' id='line_1_30' title="bbox 88 1759 1403 1814; baseline -0.001 -16"><span class='ocrx_word' id='word_1_232' title='bbox 88 1759 306 1812; x_wconf 83' lang='lat' dir='ltr'>priorum,</span> <span class='ocrx_word' id='word_1_233' title='bbox 324 1760 602 1813; x_wconf 88' lang='lat' dir='ltr'>aliarumque</span> <span class='ocrx_word' id='word_1_234' title='bbox 619 1764 834 1814; x_wconf 82' lang='lat' dir='ltr'>gentium,</span> <span class='ocrx_word' id='word_1_235' title='bbox 852 1774 961 1814; x_wconf 88' lang='lat' dir='ltr'>quas</span> <span class='ocrx_word' id='word_1_236' title='bbox 982 1760 1158 1812; x_wconf 86' lang='lat' dir='ltr'>experti</span> <span class='ocrx_word' id='word_1_237' title='bbox 1177 1772 1266 1798; x_wconf 87' lang='lat' dir='ltr'>non</span> <span class='ocrx_word' id='word_1_238' title='bbox 1285 1766 1403 1806; x_wconf 79' lang='lat' dir='ltr'>sunt,</span> 
     </span>
     <span class='ocr_line' id='line_1_31' title="bbox 92 1813 1406 1868; baseline -0.001 -15"><span class='ocrx_word' id='word_1_239' title='bbox 92 1828 192 1854; x_wconf 90' lang='lat' dir='ltr'>cum</span> <span class='ocrx_word' id='word_1_240' title='bbox 210 1813 294 1864; x_wconf 86' lang='lat' dir='ltr'>his,</span> <span class='ocrx_word' id='word_1_241' title='bbox 309 1828 418 1868; x_wconf 85' lang='lat' dir='ltr'>quas</span> <span class='ocrx_word' id='word_1_242' title='bbox 440 1817 615 1868; x_wconf 80' lang='lat' dir='ltr'>experti</span> <span class='ocrx_word' id='word_1_243' title='bbox 635 1822 759 1867; x_wconf 82' lang='lat' dir='ltr'>sunt3</span> <span class='ocrx_word' id='word_1_244' title='bbox 778 1818 824 1856; x_wconf 88' lang='lat' dir='ltr'>in</span> <span class='ocrx_word' id='word_1_245' title='bbox 842 1829 931 1856; x_wconf 91' lang='lat' dir='ltr'>uno</span> <span class='ocrx_word' id='word_1_246' title='bbox 951 1820 1101 1855; x_wconf 85' lang='lat' dir='ltr'>autem</span> <span class='ocrx_word' id='word_1_247' title='bbox 1122 1827 1314 1866; x_wconf 84' lang='lat' dir='ltr'>corpore</span> <span class='ocrx_word' id='word_1_248' title='bbox 1332 1814 1406 1853; x_wconf 83' lang='lat' dir='ltr'>vel</span> 
     </span>
     <span class='ocr_line' id='line_1_32' title="bbox 93 1870 1403 1925; baseline -0.001 -16"><span class='ocrx_word' id='word_1_249' title='bbox 93 1870 165 1909; x_wconf 92' lang='lat' dir='ltr'>die</span> <span class='ocrx_word' id='word_1_250' title='bbox 180 1871 253 1910; x_wconf 74' lang='lat' dir='ltr'>vel</span> <span class='ocrx_word' id='word_1_251' title='bbox 268 1871 402 1910; x_wconf 90' lang='lat' dir='ltr'>domo</span> <span class='ocrx_word' id='word_1_252' title='bbox 417 1870 554 1912; x_wconf 85' lang='lat' dir='ltr'>facile</span> <span class='ocrx_word' id='word_1_253' title='bbox 573 1877 765 1925; x_wconf 85' lang='lat' dir='ltr'>possunt</span> <span class='ocrx_word' id='word_1_254' title='bbox 782 1872 951 1921; x_wconf 82' lang='lat' dir='ltr'>videre,</span> <span class='ocrx_word' id='word_1_255' title='bbox 969 1871 1076 1924; x_wconf 90' lang='lat' dir='ltr'>quid</span> <span class='ocrx_word' id='word_1_256' title='bbox 1096 1871 1167 1910; x_wconf 82' lang='lat' dir='ltr'>cui</span> <span class='ocrx_word' id='word_1_257' title='bbox 1184 1870 1403 1918; x_wconf 86' lang='lat' dir='ltr'>membro,</span> 
     </span>
     <span class='ocr_line' id='line_1_33' title="bbox 93 1926 1405 1981; baseline -0.001 -16"><span class='ocrx_word' id='word_1_258' title='bbox 93 1926 253 1978; x_wconf 87' lang='lat' dir='ltr'>quibus</span> <span class='ocrx_word' id='word_1_259' title='bbox 286 1928 549 1976; x_wconf 86' lang='lat' dir='ltr'>momentis,</span> <span class='ocrx_word' id='word_1_260' title='bbox 586 1928 745 1981; x_wconf 87' lang='lat' dir='ltr'>quibus</span> <span class='ocrx_word' id='word_1_261' title='bbox 776 1927 982 1980; x_wconf 84' lang='lat' dir='ltr'>partibus</span> <span class='ocrx_word' id='word_1_262' title='bbox 1007 1926 1273 1980; x_wconf 81' lang='lat' dir='ltr'>personisve</span> <span class='ocrx_word' id='word_1_263' title='bbox 1301 1937 1405 1964; x_wconf 84' lang='lat' dir='ltr'>con-</span> 
     </span>
     <span class='ocr_line' id='line_1_34' title="bbox 92 1982 1402 2034; baseline -0.001 -14"><span class='ocrx_word' id='word_1_264' title='bbox 92 1986 244 2034; x_wconf 83' lang='lat' dir='ltr'>gruat3</span> <span class='ocrx_word' id='word_1_265' title='bbox 277 1982 433 2021; x_wconf 90' lang='lat' dir='ltr'>inillis</span> <span class='ocrx_word' id='word_1_266' title='bbox 454 1982 766 2032; x_wconf 75' lang='lat' dir='ltr'>offenduntur,</span> <span class='ocrx_word' id='word_1_267' title='bbox 792 1982 860 2023; x_wconf 90' lang='lat' dir='ltr'>his</span> <span class='ocrx_word' id='word_1_268' title='bbox 885 1983 1101 2022; x_wconf 78' lang='lat' dir='ltr'>serviunt.</span> <span class='ocrx_word' id='word_1_269' title='bbox 1162 1982 1292 2021; x_wconf 85' lang='lat' dir='ltr'>Haec</span> <span class='ocrx_word' id='word_1_270' title='bbox 1317 1993 1402 2033; x_wconf 79' lang='lat' dir='ltr'>ego</span> 
     </span>
     <span class='ocr_line' id='line_1_35' title="bbox 93 2037 1404 2088; baseline -0.001 -13"><span class='ocrx_word' id='word_1_271' title='bbox 93 2043 199 2076; x_wconf 88' lang='lat' dir='ltr'>tunc</span> <span class='ocrx_word' id='word_1_272' title='bbox 218 2037 497 2088; x_wconf 87' lang='lat' dir='ltr'>nesciebam,</span> <span class='ocrx_word' id='word_1_273' title='bbox 518 2044 563 2078; x_wconf 90' lang='lat' dir='ltr'>et</span> <span class='ocrx_word' id='word_1_274' title='bbox 580 2052 670 2078; x_wconf 87' lang='lat' dir='ltr'>non</span> <span class='ocrx_word' id='word_1_275' title='bbox 690 2038 978 2078; x_wconf 85' lang='lat' dir='ltr'>advertebam</span> <span class='ocrx_word' id='word_1_276' title='bbox 991 2069 1000 2087; x_wconf 86' lang='lat'>,</span> <span class='ocrx_word' id='word_1_277' title='bbox 1023 2044 1067 2078; x_wconf 83' lang='lat' dir='ltr'>et</span> <span class='ocrx_word' id='word_1_278' title='bbox 1083 2037 1310 2077; x_wconf 87' lang='lat' dir='ltr'>feriebant</span> <span class='ocrx_word' id='word_1_279' title='bbox 1326 2050 1404 2075; x_wconf 92' lang='lat' dir='ltr'>un-</span> 
     </span>
     <span class='ocr_line' id='line_1_36' title="bbox 94 2092 1404 2145; baseline -0.001 -14"><span class='ocrx_word' id='word_1_280' title='bbox 94 2092 227 2145; x_wconf 89' lang='lat' dir='ltr'>dique</span> <span class='ocrx_word' id='word_1_281' title='bbox 252 2093 342 2132; x_wconf 83' lang='lat' dir='ltr'>ista</span> <span class='ocrx_word' id='word_1_282' title='bbox 366 2094 523 2134; x_wconf 90' lang='lat' dir='ltr'>oculos</span> <span class='ocrx_word' id='word_1_283' title='bbox 550 2107 698 2143; x_wconf 88' lang='lat' dir='ltr'>meos,</span> <span class='ocrx_word' id='word_1_284' title='bbox 726 2100 771 2134; x_wconf 88' lang='lat' dir='ltr'>et</span> <span class='ocrx_word' id='word_1_285' title='bbox 789 2107 878 2133; x_wconf 89' lang='lat' dir='ltr'>nou</span> <span class='ocrx_word' id='word_1_286' title='bbox 897 2094 1120 2134; x_wconf 64' lang='lat' dir='ltr'>videbam.</span> <span class='ocrx_word' id='word_1_287' title='bbox 1178 2092 1237 2133; x_wconf 82' lang='lat' dir='ltr'>Et</span> <span class='ocrx_word' id='word_1_288' title='bbox 1255 2098 1404 2131; x_wconf 86' lang='lat' dir='ltr'>canta-</span> 
     </span>
     <span class='ocr_line' id='line_1_37' title="bbox 93 2148 1406 2202; baseline 0.001 -16"><span class='ocrx_word' id='word_1_289' title='bbox 93 2148 195 2186; x_wconf 82' lang='lat' dir='ltr'>bam</span> <span class='ocrx_word' id='word_1_290' title='bbox 235 2149 455 2197; x_wconf 85' lang='lat' dir='ltr'>carmina,</span> <span class='ocrx_word' id='word_1_291' title='bbox 499 2155 544 2189; x_wconf 89' lang='lat' dir='ltr'>ct</span> <span class='ocrx_word' id='word_1_292' title='bbox 575 2162 665 2189; x_wconf 83' lang='lat' dir='ltr'>non</span> <span class='ocrx_word' id='word_1_293' title='bbox 696 2149 806 2190; x_wconf 87' lang='lat' dir='ltr'>mihi</span> <span class='ocrx_word' id='word_1_294' title='bbox 838 2150 1008 2189; x_wconf 88' lang='lat' dir='ltr'>licebat</span> <span class='ocrx_word' id='word_1_295' title='bbox 1037 2159 1208 2202; x_wconf 86' lang='lat' dir='ltr'>ponere</span> <span class='ocrx_word' id='word_1_296' title='bbox 1242 2149 1406 2201; x_wconf 86' lang='lat' dir='ltr'>pedem</span> 
     </span>
     <span class='ocr_line' id='line_1_38' title="bbox 92 2204 1405 2258; baseline 0 -15"><span class='ocrx_word' id='word_1_297' title='bbox 92 2205 341 2256; x_wconf 81' lang='lat' dir='ltr'>quemlibet</span> <span class='ocrx_word' id='word_1_298' title='bbox 368 2204 583 2255; x_wconf 84' lang='lat' dir='ltr'>ubilibet,</span> <span class='ocrx_word' id='word_1_299' title='bbox 609 2205 690 2246; x_wconf 89' lang='lat' dir='ltr'>sed</span> <span class='ocrx_word' id='word_1_300' title='bbox 714 2206 762 2243; x_wconf 85' lang='lat' dir='ltr'>in</span> <span class='ocrx_word' id='word_1_301' title='bbox 814 2205 878 2244; x_wconf 70' lang='lat' dir='ltr'>liu</span> <span class='ocrx_word' id='word_1_302' title='bbox 897 2210 1031 2258; x_wconf 88' lang='lat' dir='ltr'>atque</span> <span class='ocrx_word' id='word_1_303' title='bbox 1051 2205 1141 2245; x_wconf 86' lang='lat' dir='ltr'>alio</span> <span class='ocrx_word' id='word_1_304' title='bbox 1160 2210 1306 2244; x_wconf 89' lang='lat' dir='ltr'>metro</span> <span class='ocrx_word' id='word_1_305' title='bbox 1327 2205 1405 2244; x_wconf 90' lang='lat' dir='ltr'>ali-</span> 
     </span>
    </p>
   </div>
  </div>
 </body>
</html>
