1473 2443
80 144 206 173 xv111
495 130 980 177 ARGUMENTUM.

169 226 277 259 quam
294 216 438 249 crearet
454 213 593 248 coelum
611 216 648 248 et
664 217 812 249 terram.

79 262 121 297 C.
142 265 196 296 ll.
249 262 317 301 Qui
344 260 413 294 hoc
430 263 628 304 quaerunt,
652 262 813 296 nondum
832 263 1082 305 cognoverunt
1100 263 1172 296 Dei
1192 264 1387 298 aeternitas

165 310 254 348 tem,
272 308 454 351 temporis
470 308 655 342 rationum
671 310 880 352 expertem.

77 353 119 388 C.
139 358 193 390 12.
243 354 341 393 Quid
357 354 490 388 fecerit
507 355 610 388 Deus
627 357 712 389 ante
727 355 854 389 mundi
870 354 1107 390 creationem.

78 401 120 435 C.
140 404 195 435 13.
243 401 341 434 Ante
360 402 531 444 tempora
546 411 568 436 a
584 401 665 435 Deo
683 404 808 436 creata
823 404 994 446 tempora
1011 413 1084 435 non
1101 401 1263 436 fuerunt.

79 447 122 481 C.
143 451 195 481 14.
244 445 326 480 Nec
349 448 497 491 tempus
511 448 755 492 praeteritum
772 459 840 483 nec
856 449 1041 489 futurum,
1066 450 1131 483 sed
1150 449 1267 483 solum
1286 461 1389 493 prae

168 504 253 528 sens
269 504 356 528 vere
374 496 444 528 est.

80 540 121 574 C.
143 543 196 573 15.
245 539 463 574 Praesentis
480 542 602 574 tamen
619 541 802 585 temporis
819 552 893 575 non
909 542 984 575 nisi
1002 545 1225 575 momentum
1244 546 1311 576 est.

78 586 120 620 C.
140 590 197 621 16.
247 586 418 629 Tempus
428 588 560 621 sentiri
578 590 616 621 et
633 589 758 622 metiri
774 599 847 622 non
865 590 991 632 potest
1006 589 1078 622 nisi
1099 600 1179 622 cum
1197 591 1381 632 praeteiit

78 632 120 666 C.
142 635 195 667 17.
241 630 373 667 Nihilo
391 634 511 667 minus
529 636 586 666 est
604 635 715 667 etiam
732 637 880 678 tempus
898 636 1141 678 praeteritum
1160 639 1198 668 et
1216 636 1379 669 futurum

79 679 121 712 C.
143 683 196 713 18.
245 678 459 713 Praeterita
475 682 513 713 et
528 680 654 715 futura
670 684 826 723 possunt
842 682 997 736 cogitari
1015 683 1241 724 praesentia.

80 725 120 759 C.
142 728 197 759 19.
248 726 324 763 Quo
343 726 449 759 modo
467 726 570 760 Deus
588 727 718 760 doceat
733 727 885 761 futura·
875 739 1098 769 ignoramus.

80 771 122 805 C.
140 776 197 806 20.
248 771 440 815 Tempora
458 783 527 815 quo
545 773 653 808 modo
671 774 825 816 proprie
843 774 920 807 sint
936 775 1194 818 nuncupanda.

80 818 121 851 C.
142 823 196 852 21.
248 819 326 857 Quo
344 819 450 852 modo
468 822 615 862 tempus
634 820 838 853 metiamur.

79 864 120 898 C.
139 868 193 899 22.
242 865 424 898 Precatur
462 866 602 906 Deum,
636 869 677 899 ut
714 865 885 910 explicet
925 865 1019 900 hanc
1058 866 1391 910 implicatissimam

166 912 432 954 quaestionem.

78 956 120 991 C.
139 960 195 991 23.
242 957 411 1001 Tempus
431 969 512 992 esse
530 958 794 992 distentionem
813 960 1005 1002 quandam.

77 1003 118 1038 C.
138 1007 194 1039 24.
244 1003 409 1047 Tempus
447 1015 520 1038 non
552 1016 634 1039 esse
666 1006 832 1049 corporis
864 1009 1021 1047 motum,
1062 1016 1168 1049 quem
1201 1008 1395 1042 metiamur

165 1054 346 1093 tempore.

76 1097 118 1131 C.
135 1099 192 1133 25.
241 1096 395 1131 Invocat
412 1097 544 1137 Deum,
562 1100 604 1131 ut
620 1101 780 1132 mentem
799 1097 998 1134 illuminet.

75 1142 117 1176 C.
136 1146 191 1178 26.
240 1144 427 1185 Longiora
444 1146 616 1178 metimur
633 1145 865 1178 brevioribus
882 1146 921 1178 in
937 1149 1120 1188 tempore.

76 1189 118 1223 C.
136 1192 194 1223 27.
244 1191 451 1224 Metiuntur
468 1194 636 1234 tempora
654 1195 835 1234 quatenus
852 1194 1105 1235 praetereunt.

75 1236 116 1269 C.
134 1240 189 1271 28.
241 1237 410 1280 Tempus
442 1238 480 1270 in
513 1239 633 1272 animo
663 1238 839 1281 humanm
866 1238 928 1282 qui
958 1241 1174 1282 exspectat,
1209 1240 1394 1281 adtendit„

165 1284 342 1317 meminit.

75 1328 117 1363 C.
136 1331 193 1364 29.
242 1329 370 1362 Vitam
388 1328 610 1365 humanam
599 1341 720 1375 ipsam
738 1341 821 1364 esse
840 1331 1124 1373 distentionem,
1150 1333 1216 1366 sed
1236 1333 1309 1367 Dei
1326 1335 1387 1367 mi

166 1376 371 1409 sericordia
388 1377 630 1411 intentionem
648 1378 694 1411 ad
711 1376 871 1421 palmam
889 1388 1072 1422 supernae
1090 1380 1307 1413 vocationis.

77 1421 119 1456 C.
134 1424 191 1456 30.
241 1421 402 1455 Refellit
419 1423 580 1457 iterum
570 1435 717 1458 manem
737 1424 1013 1467 quaestionem,
1037 1426 1126 1469 quid
1141 1425 1276 1460 fecerit
1291 1426 1394 1461 Deus

167 1471 253 1503 ante
271 1468 399 1502 mundi
418 1472 657 1505 creationem.

77 1514 116 1549 C.
135 1517 190 1548 31.
240 1516 318 1554 Quo
337 1515 446 1549 modo
465 1516 618 1551 differat
634 1517 709 1552 Dei
726 1518 889 1561 cognitio
906 1520 945 1553 et
962 1516 1158 1553 hominum.

389 1603 591 1646 LIBER
617 1605 1078 1649 DUODECIMUS.

141 1671 306 1716 Pergit
293 1683 332 1706 m
346 1673 569 1716 explicando
583 1674 713 1717 primo
727 1675 904 1709 Geneseos
927 1674 1057 1728 capite
1069 1677 1266 1711 secundum
1278 1676 1395 1710 LXX

73 1717 437 1764 interpretationem,
457 1719 607 1773 eiusque
621 1730 691 1765 ope
707 1721 877 1766 disputat
894 1720 1070 1765 inprimis
1088 1724 1131 1755 de
1146 1721 1292 1766 duplici
1308 1735 1387 1758 coe-

72 1766 128 1805 lo,
162 1769 198 1800 et
219 1767 262 1800 de
285 1763 449 1809 informi
467 1764 649 1807 materia,
691 1779 738 1802 ex
760 1778 837 1822 qua
860 1772 961 1801 totus
981 1770 1135 1801 mundus
1158 1773 1305 1803 creatus
1327 1770 1390 1805 sit

72 1809 214 1846 Deinde
239 1813 281 1846 de
304 1810 469 1845 aliorum
493 1791 873 1857 interpretationibus
890 1823 967 1847 non
987 1814 1269 1859 improbandis,
1293 1821 1330 1849 et
1347 1819 1391 1851 de

70 1867 174 1891 sensu
208 1857 420 1903 scripturae
457 1867 589 1892 sacrae
626 1858 834 1905 multiplici
864 1861 1021 1894 eruendo
1061 1861 1229 1907 exponit.
1279 1862 1389 1908 (Pag.

74 1949 117 1983 C.
137 1954 167 1984 1.
217 1905 399 1984 Difiicilis
422 1951 501 1985 veri
518 1951 702 1992 imentio,
728 1951 794 1986 sed
811 1952 915 1986 Deus
932 1952 1122 1996 promisit,
1147 1957 1386 1998 quaerentem

162 2008 243 2031 esse
260 1998 508 2031 inventurum.

73 2043 114 2077 C.
135 2047 169 2078 2.
217 2043 275 2077 De
295 2043 437 2087 duplici
456 2042 571 2084 coelo,
588 2043 732 2078 visibili
751 2046 790 2078 et
807 2042 910 2079 coelo
929 2043 1038 2080 coeli.

74 2090 114 2123 C.
130 2093 163 2124 3.
213 2090 272 2124 De
289 2090 455 2124 tenebris
472 2101 588 2134 super
603 2090 795 2134 abyssum,
819 2094 857 2125 et
873 2094 973 2125 terra
991 2090 1173 2126 invisibili
1191 2095 1229 2127 et
1245 2093 1385 2128 incom-

165 2137 298 2181 posita.

73 2182 116 2216 C.
134 2187 167 2217 4.
215 2183 278 2217 Ex
301 2183 531 2217 informitate
557 2184 734 2217 materiae
759 2185 914 2221 mundus
940 2185 1130 2228 speciosus
1148 2189 1251 2219 ortus
1267 2190 1326 2220 est

74 2230 112 2262 C.
132 2234 163 2263 5.
216 2229 345 2270 Qualis
362 2231 480 2264 fuerit
495 2231 673 2264 materiae
689 2230 817 2264 forma.
