1514 2438
298 114 834 161 CONFESSIONUM
862 119 1072 161 LIBER
1101 120 1184 161 lx.
1320 119 1398 160 163

78 199 241 253 grandi
258 200 462 250 caritate,
475 213 556 255 pro
576 203 778 255 peccatis
796 204 910 245 meis
928 203 1036 245 fleat
1051 205 1148 259 ipse
1167 204 1223 245 ad
1242 210 1302 256 te,
1315 204 1399 245 Pa-

79 262 152 295 ter
171 256 367 297 omnium
386 256 576 297 fratrum
597 257 768 299 Christi
783 261 864 301 tui.

165 311 213 352 C.
236 312 351 353 X111.
410 313 509 367 Ego
550 319 700 354 autem
737 316 826 355 iam
865 321 1024 356 sanato
1058 316 1196 357 corde
1231 317 1286 357 ab
1318 317 1399 358 illo

82 367 291 418 vulnere,
324 369 371 408 in
397 382 485 423 quo
509 375 692 423 poterat
714 371 931 425 redargui
955 372 1150 414 carnalis
1176 371 1401 423 adfectus,

83 423 224 465 fundo
259 424 361 474 tibi,
392 424 519 466 Deus
551 432 728 477 noster,
763 440 844 482 pro
868 428 950 468 illa
970 427 1141 470 famula
1164 434 1242 469 tua
1263 429 1401 483 longe

82 479 208 520 aliud
238 478 525 522 lacrimarum
559 494 723 536 genus,
759 483 881 537 quod
908 489 1061 525 manat
1089 485 1143 525 de
1178 495 1402 525 concusso

83 536 245 589 spiritu
281 537 651 578 consideratione
688 539 996 593 periculorum
1030 541 1176 581 omnis
1211 541 1403 591 animae,

85 605 198 646 quae
232 592 278 633 in
308 593 448 633 Adam
476 595 680 635 moritur.
744 596 1024 650 Quamquam
1046 596 1127 637 illa
1148 597 1194 636 in
1219 595 1402 637 Christo

81 649 309 689 vivificata
331 650 469 690 etiam
491 651 691 692 nondum
714 664 740 691 a
762 662 896 692 carne
914 652 1121 693 resoluta
1138 653 1205 692 sic
1225 653 1404 703 vixerit,

84 712 132 744 ut
148 704 359 745 laudetur
375 718 540 746 nomen
556 711 682 747 tuum
700 708 746 747 in
765 708 854 749 fide
872 709 1166 763 moribusque
1186 709 1299 758 eius,
1315 721 1404 748 non

82 767 231 801 tamen
254 761 400 802 audeo
426 762 601 811 dicere,
627 775 684 804 ex
707 777 794 818 quo
822 776 922 804 eam
945 776 1025 819 per
1044 764 1317 819 baptismum
1334 776 1404 805 re-

84 817 336 871 generasti,
360 818 533 859 nullum
553 819 741 860 verbum
764 821 934 861 exiisse
953 821 1008 861 ab
1028 833 1107 862 ore
1128 821 1225 862 eius
1244 826 1405 861 contra

85 880 375 926 praeceptum
406 878 546 915 tuum.
606 875 665 916 Et
696 876 864 917 dictum
892 881 963 917 est
985 889 1011 917 a
1034 877 1249 927 veritate,
1281 877 1402 920 Filio

84 935 186 969 tuo:
220 928 269 968 Si
286 928 378 982 quis
397 929 715 987 dixeritfhatri
728 945 804 972 sao
817 947 831 972 .·
850 931 1002 989 fatue,
1022 946 1120 974 reus
1139 932 1225 973 erit
1235 932 1399 987 gehen-

86 998 166 1024 nae
182 984 504 1038 ignis.(Matth.
523 986 562 1038 5,
582 989 671 1039 22.)
716 988 776 1028 Et
794 1000 873 1029 vae
893 989 1030 1030 etiam
1042 989 1263 1030 laudabili
1282 989 1403 1030 vitae

85 1039 335 1090 hominum,
381 1042 421 1082 si
459 1050 637 1084 remota
675 1044 994 1086 misericordia
1029 1045 1250 1087 discutias
1290 1057 1403 1086 eam.

85 1097 202 1145 Quia
222 1108 332 1137 vero
355 1109 447 1138 non
472 1100 672 1153 exquiris
693 1099 864 1142 delicta
878 1100 1193 1152 vehementer,
1219 1101 1404 1142 fiducia-

83 1154 188 1193 liter
201 1165 434 1207 speramus
453 1155 651 1209 aliquem
668 1156 786 1211 apud
803 1162 848 1197 te
866 1157 1019 1198 locum
1033 1158 1238 1199 invenire
1257 1158 1404 1198 indul-

84 1210 285 1263 gentiae.
337 1209 588 1265 Quisquis
631 1218 803 1253 autem
835 1213 936 1254 tibi
973 1220 1245 1255 enumerat
1283 1226 1406 1254 vera

84 1266 272 1305 merita
309 1273 421 1315 sua,
460 1267 584 1320 quid
619 1268 722 1309 tibi
755 1275 1029 1310 enumerat
1055 1270 1161 1310 nisi
1188 1282 1406 1310 munera

84 1321 196 1361 tua?
228 1321 264 1360 O
289 1321 329 1361 si
353 1330 636 1375 cognoscant
666 1336 716 1364 se
750 1323 957 1366 homines
991 1325 1220 1375 homines3
1253 1334 1299 1365 et
1332 1324 1407 1378 qui

82 1375 323 1430 gloriatur,
362 1377 407 1416 in
446 1376 639 1419 Domino
673 1379 918 1434 glorietur!
938 1382 1089 1431 (lCor.
1112 1383 1150 1432 l,
1168 1381 1257 1432 31.)
1305 1382 1403 1435 Ego

86 1433 259 1486 itaque,
284 1433 382 1472 laus
403 1446 502 1473 mea
520 1440 566 1474 et
580 1437 675 1476 vita
691 1448 810 1486 mea,
828 1436 955 1477 Deus
975 1437 1126 1478 cordis
1144 1438 1254 1486 mei,
1273 1450 1403 1491 sepo-

83 1489 184 1528 sitis
216 1488 449 1542 paulisper
479 1490 612 1531 bonis
647 1492 745 1532 eius
780 1493 978 1543 actibus,
1010 1505 1092 1547 pro
1128 1494 1290 1547 quibus
1318 1493 1406 1534 tibi

83 1543 286 1598 gaudens
311 1546 482 1598 gratias
505 1559 615 1600 ago,
639 1561 755 1588 nunc
777 1561 858 1602 pro
878 1549 1077 1602 peccatis
1094 1550 1252 1590 matris
1274 1562 1403 1590 meae

83 1601 306 1654 deprecor
319 1606 389 1641 te:
419 1602 585 1643 exaudi
600 1616 672 1643 me
689 1616 770 1657 per
785 1605 1055 1646 medicinam
1072 1606 1308 1650 vulnerum
1324 1618 1404 1646 no-

82 1662 300 1706 strorum,
326 1669 440 1710 quae
458 1660 675 1712 pependit
691 1661 737 1701 in
756 1660 902 1715 ligno,
923 1668 970 1702 et
986 1662 1151 1703 sedens
1171 1662 1228 1702 ad
1247 1662 1402 1702 dexte-

81 1725 177 1752 ram
197 1717 322 1753 tuam
344 1719 389 1753 te
412 1714 677 1769 interpellat
697 1729 778 1770 pro
805 1717 953 1759 nobis.
1015 1717 1120 1760 Scio
1142 1718 1402 1758 misericor-

83 1768 201 1808 diter
225 1774 477 1822 operatam,
503 1776 549 1811 et
572 1784 627 1812 ex
646 1773 784 1813 corde
805 1773 1033 1815 dimisisse
1053 1775 1208 1816 debita
1226 1774 1401 1814 debito-

80 1824 207 1864 ribus
231 1827 343 1865 suis:
377 1825 554 1867 dimitte
578 1828 649 1868 illi
673 1834 719 1869 et
734 1835 783 1870 tu
802 1830 958 1871 debita
975 1843 1076 1881 sua,
1101 1831 1142 1871 si
1159 1844 1246 1885 qua
1264 1831 1401 1870 etiam

83 1880 309 1922 contraxit
328 1893 407 1934 per
423 1887 494 1922 tot
511 1895 652 1925 annos
672 1890 776 1938 post
795 1898 956 1940 aquam
974 1886 1152 1929 salutis.
1190 1886 1400 1935 Dimitte,

80 1935 295 1985 Domine,
320 1936 520 1987 dimitte,
549 1940 763 1992 obsecro,
788 1954 842 1982 ne
865 1942 1007 1983 intres
1034 1956 1134 1983 cum
1153 1955 1207 1984 ea
1222 1943 1268 1983 in
1285 1942 1400 1982 iudi·

82 1991 213 2032 cium.
263 1991 585 2046 Superexaltet
600 1997 918 2040 misericordia
934 1999 1166 2049 iudicium,
1187 1998 1400 2051 quoniam

82 2047 265 2100 eloquia
295 2053 373 2088 tua
404 2061 513 2090 vera
539 2057 662 2101 sunt,
697 2059 742 2093 et
765 2055 1017 2107 promisisti
1037 2053 1399 2096 misericordiam

80 2104 466 2145 misericordibus.
528 2106 661 2155 Quod
683 2114 732 2149 ut
755 2116 928 2160 essent,
952 2116 1003 2151 tu
1026 2111 1193 2152 dedisti
1211 2110 1296 2158 eis,
1323 2108 1399 2161 qui

81 2158 391 2211 misereberis,
440 2161 513 2201 cui
548 2163 761 2206 misertus
800 2166 910 2215 eris,
959 2171 1005 2206 et
1035 2164 1399 2207 misericordiam

81 2215 358 2268 praestabis,
393 2217 465 2258 cui
496 2220 756 2264 misericors
789 2221 947 2263 fueris.
968 2222 1116 2271 (Rom.
1135 2220 1174 2272 9,
1196 2221 1281 2271 15.)
1341 2219 1398 2260 Et

1048 2278 1086 2317 L
1103 2279 1127 2316 2
