1473 2443
97 118 183 159 244
413 118 691 160 AURELH
719 119 1096 165 AUGUSTINI

95 204 161 244 ris
181 203 371 252 sanctis,
400 203 522 257 quod
539 203 584 243 in
604 204 669 245 eis
688 206 833 247 sensit
851 207 951 257 ille,
977 210 1054 262 qui
1071 209 1271 264 scripsit:
1305 210 1412 265 quid

94 259 205 299 mali
224 263 313 309 est,
333 260 373 300 si
389 257 478 299 hoc
496 262 684 311 sentiat,
709 262 830 316 quod
847 268 915 313 tu,
935 263 1013 304 lux
1031 267 1230 306 omnium
1245 267 1409 307 veridi-

96 327 249 355 carum
270 315 506 366 mentium,
533 317 736 358 ostendis
764 331 919 359 verum
943 331 1068 370 esse,
1104 322 1242 362 etiam
1263 324 1303 363 si
1323 321 1411 363 hoc.

94 384 185 411 non
208 372 352 411 sensit
372 371 474 422 ille,
513 384 646 426 quem
668 373 801 428 legit,
826 388 926 416 cum
948 381 993 416 et
1013 377 1092 417 ille
1114 390 1291 429 verum,
1323 391 1408 420 nec

93 433 244 467 tamen
265 425 352 466 hoc
370 427 590 469 senserit&

182 483 229 523 C.
248 481 370 524 XIX.
407 482 576 524 Verum
599 489 669 525 est
688 487 821 537 enim,
834 486 1226 537 Domine‚fecisse
1243 494 1289 530 te
1309 502 1410 530 coe·

95 540 187 579 lum
206 544 251 578 et
266 544 453 590 terram3
488 544 533 580 et
551 553 706 581 verum
724 547 809 592 est,
827 543 1098 596 principium
1116 557 1217 586 esse
1236 546 1411 599 sapien-

94 596 204 635 tiam
213 600 351 645 tuam,
366 596 412 634 in
425 608 512 648 qua
527 595 683 637 fecisti
702 599 865 639 omnia.
884 599 998 639 Item
1015 612 1170 640 verum
1191 606 1275 651 est,
1291 602 1413 655 quod

95 651 287 692 mundus
307 651 396 691 iste
414 652 608 693 visibilis
626 651 765 694 habet
780 667 966 708 magnas
984 660 1136 707 partes
1156 669 1282 707 suas,
1308 670 1410 698 coe-

96 707 190 747 lum
222 711 268 746 et
282 711 452 747 terram
472 708 602 748 brevi
625 710 941 763 complexione
965 710 1187 752 factarum
1214 714 1412 754 omnium

94 762 470 816 conditarumque
488 768 764 805 naturarum.
795 766 854 806 Et
870 778 1026 807 verum
1044 773 1128 818 est,
1141 769 1263 822 quod
1281 781 1411 809 omne

93 818 314 859 mutabile
344 818 545 860 insinuat
575 821 769 862 notitiae
800 827 985 863 nostrae
1011 825 1249 876 quamdam
1269 824 1411 865 infor-

92 874 314 924 mitatem,
334 886 422 928 qua
438 873 630 916 formam
649 879 785 932 capit,
804 878 879 919 vel
897 892 984 932 qua
999 884 1199 920 mutatur
1217 885 1261 921 et
1277 883 1411 921 verti-

93 936 186 971 tur.
242 929 414 971 Verum
431 935 520 981 est,
538 932 664 972 nulla
680 938 888 987 tempora
903 936 1096 989 perpeti,
1115 937 1237 990 quod
1254 937 1320 977 ita
1338 949 1411 977 co-

93 984 255 1027 haeret
270 985 446 1027 formae
463 987 843 1040 incommutabili,
861 995 912 1031 ut
928 993 1130 1044 quamvis
1148 992 1413 1045 sitymutabi-

91 1041 160 1092 le,
192 1054 283 1082 non
315 1047 527 1084 mutetur.
586 1043 757 1085 Verum
790 1051 880 1096 est,
911 1046 1261 1098 informitatem,
1297 1060 1411 1102 quae

91 1108 236 1152 prope
269 1096 385 1138 nihil
406 1103 495 1148 est,
528 1099 652 1139 vices
676 1105 932 1154 temporum
954 1100 1122 1143 habere
1146 1116 1236 1144 non
1257 1115 1410 1158 posse.

90 1151 264 1195 Verum
283 1158 372 1204 est,
398 1154 519 1208 quod
536 1155 654 1195 unde
673 1156 724 1196 fit
741 1157 932 1210 aliquid,
950 1162 1105 1210 potest
1123 1159 1317 1212 quodam
1337 1172 1412 1213 ge-

90 1222 201 1250 nere
219 1209 467 1250 locutionis
486 1207 653 1251 habere
670 1213 759 1252 iam
776 1225 942 1253 nomen
964 1214 1061 1254 eius
1078 1216 1162 1264 rei,
1175 1227 1289 1268 quae
1304 1215 1410 1256 inde

91 1265 167 1317 fit;
197 1265 317 1305 unde
336 1265 489 1318 potuit
510 1267 668 1307 vocari
691 1268 871 1309 coelum
893 1273 939 1309 et
955 1274 1080 1310 terra
1098 1271 1330 1322 quaelibet
1345 1271 1412 1311 in-

87 1320 323 1371 formitas,
349 1320 466 1361 unde
492 1320 663 1362 factum
685 1328 756 1364 est
778 1324 957 1365 coelum
982 1329 1028 1365 et
1043 1330 1181 1366 terra.
1239 1325 1410 1367 Verum

90 1382 185 1427 est,
214 1377 414 1418 omnium
430 1375 729 1419 formatorum
747 1379 858 1420 nihil
879 1392 979 1421 esse
996 1379 1181 1422 informi
1198 1381 1410 1433 vicinius,

88 1445 225 1486 quam
241 1437 410 1473 terram
427 1437 471 1473 et
490 1433 719 1487 abyssum.
778 1434 946 1477 Verum
976 1441 1068 1487 est,
1088 1438 1209 1490 quod
1227 1450 1319 1478 non
1336 1451 1408 1479 so-

85 1488 182 1529 lum
214 1494 416 1529 creatum
451 1493 585 1543 atque
617 1489 882 1542 formatum,
916 1492 997 1533 sed
1030 1493 1167 1533 etiam
1188 1493 1410 1548 quidquid

88 1544 287 1585 creabile
315 1553 450 1598 atque
474 1544 715 1586 formabile
741 1552 830 1598 est,
853 1553 904 1588 tu
920 1547 1094 1599 fecisti,
1120 1560 1176 1589 ex
1194 1561 1282 1602 quo
1303 1554 1409 1590 sunt

88 1602 252 1640 omnia..
299 1599 469 1641 Verum
487 1606 571 1652 est,
592 1614 738 1652 omne,
759 1603 880 1656 quod
899 1616 955 1645 ex
970 1603 1155 1645 informi
1167 1603 1405 1656 formatur,

84 1656 211 1708 prius
230 1668 332 1696 esse
350 1655 560 1707 informe,
581 1657 744 1698 deinde
761 1659 1018 1700 formatum.

172 1710 220 1750 C.
245 1711 344 1751 XX.
404 1711 474 1752 Ex
492 1711 563 1764 his.
581 1714 787 1754 omnibus
805 1715 941 1764 veris,
962 1715 1017 1755 de
1036 1716 1198 1770 quibus
1215 1728 1307 1756 non
1325 1717 1402 1757 du-

85 1766 250 1815 bitant,
285 1779 475 1820 quorum
497 1769 708 1809 interiori
732 1770 865 1811 oculo
892 1770 1003 1811 talia
1023 1771 1180 1811 videre
1206 1772 1402 1822 donasti,

86 1828 132 1861 et
163 1822 238 1874 qui
261 1823 478 1875 Moysen,
511 1822 729 1865 famulum
751 1830 897 1876 tuum,
929 1826 976 1867 in
1002 1825 1175 1879 Spiritu
1198 1829 1401 1868 veritatis

83 1877 286 1918 locutum
305 1890 405 1917 esse
423 1879 719 1920 immobiliter
736 1881 943 1933 credunt3
964 1894 1021 1923 ex
1041 1881 1111 1923 his
1131 1895 1240 1936 ergo
1262 1884 1401 1923 omni-

83 1932 168 1973 bus
187 1933 310 1972 aliud
328 1934 415 1974 sibi
431 1934 577 1984 tollit,
604 1937 680 1989 qui
698 1937 826 1977 dicit:
857 1937 902 1977 in
912 1937 1134 1992 principio
1142 1937 1265 1995 fecit
1278 1937 1400 1979 Deus

84 1989 249 2031 coelum
266 1995 307 2028 et
325 1995 507 2039 terram,
534 1990 582 2030 id
600 1996 689 2042 est,
707 1993 754 2033 in
770 1992 923 2033 Verbo
943 2007 1025 2034 suo
1046 1995 1134 2035 sibi
1151 1999 1398 2035 coaeterno

83 2043 196 2084 fecit
212 2044 337 2085 Deus
358 2045 697 2100 intelligibilem
715 2044 850 2102 atque
869 2050 1130 2091 sensibilem
1142 2081 1153 2102 ,
1178 2051 1254 2092 vel
1269 2051 1399 2105 spiri-

82 2102 221 2140 talem
234 2101 608 2155 corporalemque
628 2109 895 2145 creaturam.
933 2106 1080 2157 Aliud,
1101 2106 1177 2160 qui
1194 2106 1323 2147 dicit:
1351 2106 1399 2146 in

74 2156 555 2213 princzfflofecitDeas
574 2159 738 2199 coelum
756 2167 800 2200 et
815 2167 991 2211 terram,
1011 2163 1059 2202 id
1077 2167 1159 2211 est,
1179 2163 1225 2202 in
1242 2162 1395 2203 Verbo

84 2224 163 2250 suo
198 2214 282 2253 sibi
316 2219 559 2255 coaeterno
585 2213 696 2255 fecit
721 2215 845 2258 Deus
870 2218 1125 2258 universam
1147 2219 1280 2258 istam
1304 2231 1393 2258 mo-
