1473 2443
95 137 150 178 20
410 133 701 176 AURELII
729 132 1114 177 AUGUSTINI

479 364 857 423 LIBER
946 367 1039 421 II.

178 502 226 542 C„
252 501 284 541 1.
345 501 595 543 Recordari
614 501 719 542 volo
739 507 993 544 transactas
1012 501 1260 543 foeditates
1279 513 1419 551 meas,

93 566 140 597 et
158 557 364 598 carnales
383 558 702 612 corruptiones
723 558 898 598 animae
917 571 1066 609 meae3
1094 571 1184 598 non
1203 558 1324 611 quod
1342 570 1420 597 eas

93 626 254 663 amem,
281 613 363 654 sed
386 618 437 654 ut
452 626 597 654 amem
623 618 690 664 te,
709 612 835 654 Deus
858 626 1002 654 meus.
1060 615 1225 654 Amore
1251 614 1421 653 amoris

92 669 161 709 tui
188 668 312 709 facio
341 669 487 720 istud,
520 669 731 710 recolens
765 670 861 710 vias
893 682 1019 710 meas
1046 670 1348 723 nequissimas
1375 669 1424 708 in

94 725 398 765 amaritudine
438 725 791 779 recogitationis
824 738 976 775 meae,
1019 731 1071 766 ut
1103 731 1152 766 tu
1182 725 1422 766 dulcescas

93 780 228 830 mihi,
255 781 450 820 dulcedo
470 793 560 821 non
579 780 742 831 fallax,
763 781 956 821 dulcedo
978 780 1091 822 felix
1110 786 1155 821 et
1173 793 1356 831 secura,
1379 784 1427 820 et

96 837 321 889 colligens
346 849 417 876 me
444 849 470 876 a
495 837 804 890 dispersione,
832 838 879 876 in
905 850 992 890 qua
1017 837 1246 877 frustatim
1266 836 1426 877 discis-

95 899 172 932 sus
205 905 324 941 sum,
360 892 464 932 dum
497 892 551 932 ab
583 905 673 933 uno
706 897 752 932 te
788 905 974 933 aversus
1008 894 1055 932 in
1078 893 1222 932 multa
1246 892 1426 932 evanui.

94 948 258 988 Exarsi
274 949 393 987 enim
409 948 652 1002 aliquando
674 948 831 988 satiari
851 948 1011 989 inferis
1030 950 1076 989 in
1094 948 1426 997 adolescentia,

95 1009 141 1043 et
158 1003 404 1044 silvescere
424 1017 559 1044 ausus
581 1017 679 1044 sum
698 1004 837 1044 variis
859 1010 905 1044 et
922 1005 1151 1044 umbrosis
1173 1003 1426 1054 amoribus3

96 1064 142 1099 et
165 1059 402 1100 contabuit
420 1060 598 1113 species
617 1071 739 1109 mea,
766 1065 811 1100 et
829 1061 1087 1113 computrui
1106 1073 1258 1100 coram
1281 1059 1427 1100 oculis

93 1115 201 1164 tuis,
216 1115 402 1168 placens
416 1114 540 1165 mihi,
555 1120 600 1155 et
612 1115 795 1169 placere
809 1117 995 1169 cupiens
1013 1116 1158 1156 oculis
1178 1115 1427 1156 hominum.

179 1171 227 1211 C.
258 1171 312 1211 ll.
373 1171 431 1211 Et
466 1172 574 1224 quid
608 1177 725 1221 erat,
768 1172 889 1224 quod
915 1184 985 1212 me
1014 1171 1296 1221 delectabat,
1338 1172 1429 1210 nisi

95 1239 248 1266 amare
277 1232 323 1266 et
346 1228 486 1267 amari
497 1227 512 1267 ’ἰ
546 1227 636 1268 Sed
654 1240 743 1266 non
761 1228 1003 1268 tenebatur
1020 1228 1181 1267 modus
1201 1227 1255 1266 ab
1275 1228 1427 1267 animo

93 1294 239 1335 usque
289 1282 347 1323 ad
379 1284 597 1333 animum,
650 1288 872 1336 quatenus
909 1289 979 1324 est
1010 1284 1263 1323 luminosus
1295 1284 1429 1323 limes

96 1338 348 1389 amicitiae3
381 1339 463 1381 sed
491 1338 821 1379 exhalabantur
846 1340 1038 1379 nebulae
1069 1339 1122 1379 de
1143 1340 1306 1379 limosa
1323 1351 1430 1378 con-

97 1394 380 1447 cupiscentia
408 1395 556 1434 carnis
583 1400 629 1434 et
651 1395 861 1434 scatebra
878 1395 1154 1448 pubertatis,
1176 1400 1221 1434 et
1240 1394 1426 1435 obnubi-

94 1450 253 1493 labant
274 1455 410 1504 atque
440 1449 742 1491 obfuscabant
765 1463 845 1490 cor
869 1463 1041 1500 meum,
1066 1456 1117 1491 ut
1141 1464 1231 1490 non
1257 1450 1427 1489 discer-

95 1514 282 1546 neretur
335 1507 558 1546 serenitas
601 1506 862 1546 dilectionis
903 1519 929 1546 a
968 1507 1164 1560 caligine
1203 1505 1425 1545 libidinis.

95 1562 347 1615 Utrumque
371 1562 417 1601 in
436 1561 628 1602 confuso
648 1562 909 1610 aestuabat,
938 1567 984 1603 et
999 1562 1206 1614 rapiebat
1222 1561 1428 1600 imbecil-

96 1616 188 1656 lam
204 1622 400 1657 aetatem
414 1630 495 1670 per
510 1618 701 1671 abrupta
714 1617 1026 1670 cupiditatum,
1044 1623 1180 1670 atque
1197 1616 1431 1656 mersabat

97 1674 280 1725 gurgite
303 1672 595 1726 flagitiorum.
655 1673 912 1713 Invaluerat
928 1685 1063 1726 super
1081 1684 1151 1711 me
1172 1673 1240 1713 ira
1256 1677 1354 1721 tua,
1382 1676 1430 1711 et

97 1729 374 1768 nesciebam.
438 1728 777 1768 Obsurdueram
811 1728 1009 1768 stridore
1045 1733 1232 1767 catenae
1259 1732 1425 1766 morta-

96 1784 243 1823 litatis
260 1796 387 1824 meae
400 1814 410 1833 ,
434 1796 585 1836 poena
602 1784 846 1836 superbiae
866 1784 1040 1822 animae
1058 1796 1208 1833 meae3
1243 1788 1288 1822 et
1304 1783 1428 1821 ibam

96 1839 282 1892 longius
310 1852 335 1879 a
358 1845 427 1889 te,
453 1844 500 1879 et
522 1839 724 1889 sinebas;
758 1844 804 1879 et
827 1839 1051 1888 iactabar,
1078 1844 1123 1878 et
1143 1838 1427 1887 effundebar,

99 1900 146 1936 et
164 1894 420 1935 diffluebam
435 1925 445 1944 ,
480 1900 526 1934 et
545 1894 818 1934 ebulliebam
835 1906 916 1948 per
934 1893 1266 1934 fornicationes
1283 1906 1425 1944 meas,

99 1956 145 1992 et
161 1951 362 1991 tacebas.
398 1951 433 1990 Ο
455 1950 634 1990 tardum
654 1951 867 2003 gaudium
884 1950 1053 1990 meum!
1076 1950 1282 1990 Tacebas
1302 1954 1428 1997 tunc,

101 2013 147 2046 et
171 2020 257 2060 ego
276 2007 396 2046 ibam
415 2019 551 2059 porro
571 2006 708 2059 longe
728 2019 753 2045 a
768 2011 814 2046 te
833 2006 877 2045 in
895 2006 1025 2058 plura
1044 2011 1088 2045 et
1106 2006 1235 2059 plura
1252 2005 1433 2046 sterilia

101 2063 277 2102 semina
301 2063 534 2111 dolorum,
562 2062 759 2114 superba
776 2061 1034 2102 deiectione
1055 2067 1100 2101 et
1117 2061 1323 2114 inquieta
1339 2060 1426 2101 las-

101 2119 315 2160 situdine.
379 2118 490 2166 Quis
515 2116 626 2157 mihi
649 2117 966 2157 moderaretur
991 2129 1249 2157 aerumnam
1266 2128 1430 2166 meam,

105 2180 153 2215 et
184 2174 536 2215 novissimarum
576 2185 727 2213 rerum
767 2172 956 2226 fugaces
980 2171 1342 2225 pulchritudines
1382 2174 1429 2212 in

103 2243 233 2272 usum
253 2234 480 2280 verteret,
507 2241 753 2282 earumque
780 2229 1081 2270 suavitatibus
1107 2234 1250 2270 metas
1268 2229 1413 2281 praefi
