1514 2438
281 93 817 136 CONFESSIONUM
846 94 1054 136 LIBER
1083 95 1140 137 X.
1292 98 1370 139 173

52 183 191 222 etiam
222 179 546 222 similitudines
567 191 740 230 rerum,
773 180 849 221 vel
877 185 1186 235 expertarum,
1216 181 1293 222 vel
1316 195 1374 225 ex

51 238 117 277 eis
158 248 268 290 quas
303 240 516 291 expertus
536 249 633 276 sum
658 236 934 278 creditarum
952 238 1066 278 alias
1088 242 1224 291 atque
1243 239 1375 290 alias,

50 299 95 333 et
118 293 217 345 ipse
242 298 437 333 contexo
461 294 744 346 praeteritis,
770 299 905 347 atque
939 306 996 334 ex
1012 292 1082 334 his
1103 296 1239 335 etiam
1256 293 1377 336 futu-

48 361 122 389 ras
148 349 374 399 actiones,
402 353 448 389 et
471 354 654 398 eventa,
680 354 726 390 et
747 362 872 402 spes3
906 354 952 390 et
968 348 1082 391 haec
1107 352 1258 391 omnia
1280 363 1375 391 rur-

50 418 126 445 sus
147 406 276 458 quasi
291 407 554 458 praesentia
569 404 780 446 meditor.
840 405 1023 447 Faciam
1041 405 1129 447 hoc
1147 410 1225 447 aut
1240 406 1375 447 illud:

50 461 153 501 dico
177 460 297 515 apud
316 473 411 511 me,
450 462 496 500 in
518 463 619 514 ipso
643 461 820 515 ingenti
844 462 946 502 sinu
970 462 1105 504 animi
1129 463 1220 503 mei
1238 463 1374 517 pleno

47 522 120 557 tot
151 522 196 556 et
217 521 445 557 tantarum
468 529 620 557 rerum
643 518 939 572 imaginibus:
970 518 1029 558 Et
1051 517 1139 559 hoc
1163 524 1240 558 aut
1261 519 1377 559 illud

50 578 279 626 sequetur.
342 572 378 612 O
404 575 443 613 si
471 579 594 613 esset
626 572 714 614 hoc
746 581 824 614 aut
853 574 986 614 illud!
1030 575 1218 615 Avertat
1248 574 1376 615 Deus

49 627 137 668 hoc
155 634 233 668 aut
249 628 382 668 illud!
413 628 531 670 Dico
551 630 669 683 apud
686 642 756 670 me
774 631 882 671 ista:
912 635 957 670 et
975 644 1075 671 cum
1094 630 1218 681 dico,
1243 643 1373 684 prae-

49 690 119 724 sto
141 690 246 724 sunt
262 685 487 739 imagines
508 686 725 736 omnium,
746 698 861 740 quae
882 687 1001 737 dico,
1022 699 1078 728 ex
1096 687 1259 727 eodem
1276 685 1374 726 the-

48 752 184 781 sauro
204 742 564 791 memoriae,nec
584 744 768 782 omnino
788 742 959 796 aliquid
981 755 1138 784 eorum
1158 743 1374 793 dicerem,

48 797 89 837 si
112 795 384 837 defuissent.
444 798 616 852 Magna
637 800 728 839 ista
746 800 811 839 vis
831 804 901 839 est
915 801 1185 849 memoriae,
1208 811 1377 853 magna

46 852 204 902 nimis,
236 852 363 893 Deus
396 865 544 904 meus,
577 855 813 908 penetrale
846 856 1042 909 amplum
1066 860 1111 895 et
1131 855 1374 896 infinitum.

52 908 163 957 Quis
188 908 246 948 ad
266 907 455 949 fundum
474 911 571 950 eius
590 911 822 963 pervenit?
851 911 910 951 Et
926 913 994 952 vis
1014 916 1085 952 est
1103 910 1217 952 haec
1236 911 1377 952 animi

48 965 139 1004 mei
162 969 298 1018 atque
323 965 380 1005 ad
403 978 549 1006 meam
572 972 780 1007 naturam
802 967 1022 1020 pertinet,
1054 980 1139 1008 nec
1164 980 1251 1022 ego
1275 968 1376 1022 ipse

51 1020 181 1074 capio
199 1026 367 1071 totum,
394 1022 515 1075 quod
534 1036 646 1063 sum.
705 1023 829 1077 Ergo
850 1024 1024 1064 animus
1043 1024 1100 1064 ad
1118 1023 1376 1066 habendum

49 1088 98 1116 se
124 1077 271 1129 ipsum
295 1083 515 1131 angustus
537 1083 621 1119 est.
680 1079 740 1119 Et
762 1080 841 1121 ubi
860 1081 939 1130 sit,
965 1081 1087 1134 quod
1105 1081 1177 1121 sui
1194 1093 1285 1121 non
1304 1094 1375 1121 ca-

46 1131 140 1186 pit&
169 1131 399 1186 Numquid
417 1139 547 1174 extra
563 1135 711 1188 ipsum
729 1148 782 1176 ac
800 1138 953 1176 nonin
970 1136 1099 1190 ipsoC‘
1132 1137 1373 1186 Quomodo

49 1201 160 1243 ergo
187 1201 277 1229 non
301 1190 446 1243 capit?
474 1190 623 1231 Multa
647 1190 757 1232 mihi
780 1204 917 1245 super
945 1191 1033 1233 hoc
1066 1194 1276 1233 oboritur
1299 1193 1374 1234 ad-

47 1246 250 1296 mirati03
282 1251 442 1299 stupor
472 1246 773 1300 adprehendit
802 1261 889 1290 1110.
949 1249 1009 1289 Et
1036 1254 1143 1289 eunt
1167 1247 1374 1289 homines

49 1301 266 1342 admirari
287 1302 381 1343 alta
403 1304 644 1353 montium,
671 1310 716 1343 et
733 1305 944 1358 ingentes
962 1303 1126 1345 fluctus
1144 1306 1303 1355 maris,
1330 1311 1377 1346 et

47 1357 300 1397 latissimos
332 1358 487 1411 lapsus
511 1358 765 1410 fluminum,
801 1365 847 1399 et
873 1362 1035 1400 oceani
1057 1360 1295 1410 ambitum,
1331 1366 1378 1401 et

49 1425 192 1466 gyros
212 1413 433 1464 siderum,
458 1418 503 1454 et
517 1415 783 1468 relinquunt
798 1428 848 1456 se
865 1417 1013 1469 ipsos,
1038 1429 1123 1456 nec
1140 1418 1376 1467 mirantur,

51 1469 175 1522 quod
193 1467 307 1509 haec
326 1470 476 1509 omnia
495 1483 594 1510 cum
614 1471 827 1522 dicerem,
846 1484 937 1512 non
971 1484 1025 1512 ea
1041 1472 1252 1512 videbam
1272 1485 1376 1512 ocu-

47 1524 129 1565 lis:
153 1536 238 1564 nec
260 1529 412 1565 tamen
438 1525 658 1576 dicerem,
683 1527 773 1568 nisi
789 1532 967 1568 montes
988 1532 1033 1568 et
1049 1527 1213 1568 fluctus
1234 1535 1279 1568 et
1296 1528 1376 1568 flu-

47 1581 170 1620 mina
189 1586 234 1621 et
252 1581 419 1631 sidera,
441 1595 555 1635 quae
574 1583 687 1633 vidi,
709 1589 755 1623 et
772 1596 1012 1635 oceanum,
1033 1597 1166 1638 quem
1184 1584 1375 1635 credidi,

46 1637 170 1677 intus
187 1637 235 1676 in
247 1638 468 1677 memoria
479 1651 582 1679 mea
596 1640 799 1679 viderem
812 1640 970 1693 spatiis
983 1646 1076 1681 tam
1092 1641 1373 1694 ingentibus,

49 1694 180 1745 quasi
209 1692 324 1733 foris
347 1694 564 1735 viderem.
624 1694 722 1735 Nec
746 1708 800 1736 ea
821 1701 974 1736 tamen
994 1697 1192 1736 videndo
1216 1697 1373 1738 absor-

47 1747 146 1798 bui,
174 1749 352 1801 quando
376 1750 471 1790 ridi
496 1751 661 1802 oculis3
693 1764 778 1791 nec
800 1752 901 1804 ipsa
918 1760 1021 1792 sunt
1040 1753 1159 1805 apud
1174 1765 1267 1803 me,
1292 1754 1373 1793 sed

47 1804 272 1857 imagines
292 1817 464 1846 eorum.
496 1807 554 1846 Et
571 1809 679 1848 novi
697 1808 805 1862 quid
823 1820 879 1848 ex
898 1821 986 1863 quo
1007 1821 1145 1849 sensu
1163 1810 1372 1862 corporis

48 1859 320 1913 impressum
340 1861 400 1901 sit
415 1861 540 1903 mihi.

134 1915 181 1956 C.
206 1915 283 1956 IX.
345 1916 435 1957 Sed
457 1930 548 1958 non
573 1931 627 1958 ca
649 1918 750 1959 sola
773 1924 926 1973 gestat
947 1920 1169 1960 immensa
1189 1921 1279 1960 ista
1302 1934 1371 1960 ca-

45 1973 223 2023 pacitas
241 1974 488 2013 memoriae
505 1986 649 2015 meae.
681 1975 772 2015 Hic
791 1981 895 2015 sunt
914 1981 960 2016 et
976 1976 1058 2016 illa
1076 1977 1241 2025 omnia,
1256 1989 1370 2030 quae

47 2026 102 2066 de
119 2027 339 2068 doctrinis
353 2028 620 2071 liberalibus
633 2036 852 2084 percepta
867 2032 1067 2072 nondum
1086 2032 1368 2082 exciderunt,

46 2084 177 2135 quasi
207 2089 385 2131 remota
416 2086 637 2126 interiore
671 2087 797 2137 loco,
832 2100 921 2127 non
945 2088 1069 2138 1000;
1102 2100 1187 2127 1100
1212 2099 1369 2127 eorum

42 2138 282 2191 imagines,
298 2141 379 2181 sed
391 2153 466 2181 res
480 2143 603 2194 ipsas
620 2154 747 2196 gero.
778 2142 894 2183 Nam
912 2143 1020 2197 quid
1038 2144 1098 2183 sit
1114 2144 1367 2193 literatura,

48 2194 157 2248 quid
188 2198 354 2248 peritia
388 2197 667 2250 disputandi,
702 2203 814 2253 quot
841 2212 1011 2253 genera
1033 2201 1365 2253 quaestionum,
