1514 2438
309 171 844 214 CONFESSIONUM
875 173 1079 214 LIBER
1109 172 1183 215 Vl.
1354 176 1406 217 83

87 257 220 309 copia
245 255 510 297 sciscitandi
538 269 652 310 qnae
679 258 915 311 cupiebam
944 259 998 299 de
1017 264 1109 299 tam
1128 264 1289 299 sancto
1312 273 1410 299 ora-

85 313 187 352 culo
202 318 282 352 tuo
293 317 480 366 pectore
499 313 640 363 illius,
654 314 742 353 nisi
761 328 862 354 011111
881 315 1053 368 aliquid
1069 315 1271 355 breviter
1290 322 1414 355 esset

83 368 373 409 audiendum.
426 369 592 408 Aestus
615 375 764 409 autem
782 370 853 409 illi
871 371 962 411 mei
981 371 1180 411 otiosum
1201 384 1300 411 eum
1319 373 1410 411 val-

84 424 139 464 de
157 455 168 474 ‚
219 425 291 464 cui
324 423 699 475 refunderentur,
733 427 1049 479 requirebant,
1085 439 1168 466 nec
1200 440 1412 480 umquam

81 481 391 522 inveniebant,
438 481 496 520 Et
515 493 616 520 eum
636 482 817 535 quidem
836 483 882 523 in
899 483 1070 536 populo
1094 483 1276 523 verbum
1296 485 1410 523 veri-

80 537 191 576 tatis
216 542 342 577 recte
368 542 642 577 tractantem
663 539 783 577 omni
805 538 878 579 die
899 539 1129 579 dominico
1150 539 1410 590 audiebam3

83 598 128 632 et
145 593 290 646 magis
309 594 547 646 magisque
566 592 678 632 mihi
698 595 1067 645 confirmabatur,
1083 608 1238 635 omnes
1257 608 1412 636 versu-

79 653 225 688 tarum
239 649 565 689 calumniarum
577 649 740 700 nodos,
755 663 868 704 quos
888 651 955 690 illi
976 652 1246 704 deceptores
1268 653 1414 691 nostri

80 704 298 745 adversus
325 704 503 745 divinos
532 706 676 746 libros
698 706 1016 757 innectebant,
1043 720 1178 760 posse
1204 707 1410 748 dissolvi.

77 760 165 800 Ubi
182 773 290 801 vero
313 762 451 802 etiam
470 763 687 814 comperi,
700 762 755 802 ad
773 763 1017 817 imaginem
1041 769 1162 803 tuam
1181 762 1409 804 hominem

79 829 106 856 a
129 824 174 856 te
202 816 394 868 factum,
420 830 447 857 a
474 818 755 870 spiritalibus
782 819 888 859 filiis
904 820 1016 870 tuis,
1048 832 1161 873 quos
1182 820 1238 860 de
1265 826 1409 860 matre

80 871 310 913 catholica
327 875 610 927 pergratiam
627 876 931 928 regenerasti,
944 888 1031 915 non
1054 876 1120 916 510
1138 876 1411 929 intelligi,ut

82 927 267 969 humani
293 930 501 982 corporis
527 930 675 970 forma
699 937 743 971 te
763 934 1053 971 terminatum
1081 932 1321 972 crederent
1346 940 1408 972 at-

81 998 167 1038 que
188 986 466 1038 cogitar‘ent3
502 999 770 1039 quamquam
790 987 1022 1040 quomodo
1045 1001 1091 1028 se
1111 987 1303 1028 haberet
1321 990 1409 1041 spi-

81 1041 230 1081 ritalis
257 1042 534 1092 substantia,
562 1054 617 1082 ne
638 1043 819 1096 quidem
837 1044 1036 1084 tenuiter
1054 1050 1189 1098 atque
1213 1046 1259 1084 in
1290 1046 1409 1084 aeni-

81 1103 230 1151 gmate
253 1098 538 1151 suspicabar:
557 1104 710 1139 tamen
729 1099 933 1153 gaudens
954 1100 1127 1150 erubui,
1147 1114 1237 1141 non
1254 1114 1325 1141 me
1343 1107 1410 1141 tot

79 1165 222 1193 annos
243 1154 462 1194 adversus
483 1154 757 1195 catholicam
778 1156 933 1205 fidem,
962 1157 1043 1197 sed
1062 1162 1223 1197 contra
1254 1170 1408 1197 carna-

77 1210 185 1250 lium
200 1211 531 1264 cogitationum
544 1212 760 1265 figmenta
770 1212 979 1253 latrasse.
1012 1212 1078 1252 Eo
1095 1214 1258 1266 quippe
1269 1218 1407 1253 teme-

76 1266 224 1306 rarius
260 1274 307 1306 et
338 1268 503 1320 impius
536 1266 736 1318 fueram,
772 1268 895 1322 quod
929 1281 1003 1319 ea,
1036 1282 1150 1322 quae
1186 1269 1407 1310 debebam

80 1323 342 1375 quaerendo
363 1323 516 1363 dicere
539 1322 781 1377 [discere]‚
801 1324 1063 1365 adcusando
1084 1325 1302 1365 dixeram.
1338 1327 1408 1365 'l'u

82 1379 199 1418 0111111
225 1378 447 1419 altissime
474 1385 519 1418 et
543 1381 769 1431 proxime,
796 1381 1106 1422 secretissime
1135 1387 1408 1434 011111105οη-

80 1435 280 1484 tissime,
316 1435 388 1474 cui
420 1436 624 1476 membra
656 1448 746 1475 non
781 1442 886 1476 sunt
920 1437 1010 1475 alia
1042 1439 1218 1476 maiora
1245 1444 1290 1476 et
1319 1437 1409 1476 alin

78 1490 281 1540 minora,
302 1491 383 1530 sed
401 1491 568 1543 ubique
589 1497 714 1532 totus
735 1503 798 1541 es,
820 1498 867 1532 et
883 1504 1102 1545 nusquam
1121 1493 1325 1532 locorum
1344 1506 1409 1542 05,

80 1558 171 1585 11011
214 1558 262 1585 05
298 1547 455 1599 utique
490 1547 639 1586 forma
671 1548 761 1587 ista
795 1560 1037 1600 corporea:
1071 1554 1222 1588 tamen
1255 1548 1410 1589 fecisti

80 1601 309 1642 hominem
344 1603 399 1642 ad
424 1604 669 1657 imaginem
693 1608 836 1655 tuam;
870 1610 916 1644 et
943 1616 1049 1644 ecce
1075 1605 1173 1657 ipse
1205 1617 1230 1643 a
1257 1606 1406 1657 capite

77 1670 221 1711 usque
242 1658 298 1698 ad
315 1659 456 1711 pedes
475 1660 521 1698 in
540 1659 643 1699 loco
667 1665 748 1699 est.

162 1714 209 1754 C.
236 1714 310 1755 IV.
373 1715 483 1755 Cum
512 1728 621 1770 ergo
644 1716 890 1766 nescirem,
918 1717 1147 1771 quomodo
1168 1716 1281 1757 haec
1300 1718 1401 1757 sub-

78 1770 266 1811 sisteret
285 1770 440 1825 imago
467 1776 566 1822 tua,
603 1772 788 1825 pulsans
812 1785 1136 1828 proponerem,
1171 1774 1399 1828 quomodo

79 1826 353 1867 credendum
373 1833 511 1878 esset,
528 1840 620 1868 non
637 1828 861 1869 insultans
883 1830 1317 1883 oppo11e1'em‚quasi
1336 1830 1401 1869 ita

77 1882 301 1922 creditum
320 1889 461 1924 esset:
481 1890 609 1924 tanto
629 1885 771 1939 igitur
789 1886 940 1926 acrior
960 1899 1068 1926 cura
1084 1887 1278 1926 rodebat
1296 1887 1399 1926 inti-

78 1950 149 1978 ma
165 1951 280 1989 mea,
293 1940 401 1992 quid
419 1941 533 1980 certi
548 1942 809 1991 retinerem,
822 1948 988 1995 quanto
1008 1955 1078 1982 me
1098 1942 1243 1996 magis
1261 1942 1399 1995 pude-

77 1993 153 2034 bat
176 2000 267 2034 tam
292 1996 368 2035 diu
391 1996 587 2036 inlusum
607 2004 652 2037 et
670 1997 908 2051 deceptum
926 1999 1230 2051 promissione
1251 2003 1397 2037 certo-

74 2061 185 2099 rum,
198 2052 365 2103 puerili
384 2064 540 2093 errore
561 2058 606 2093 et
624 2054 932 2103 animositate,
954 2060 1042 2094 tam
1060 2054 1203 2094 multa
1221 2055 1400 2093 incerta

75 2108 204 2158 quasi
222 2113 348 2147 certa
365 2109 583 2162 garrisse.
624 2109 757 2157 Quod
773 2111 892 2149 enim
909 2109 1026 2150 falsa
1044 2116 1212 2158 essent,
1233 2115 1395 2163 postea

73 2160 370 2204 mihiclaruit.
404 2164 587 2204 Certum
604 2170 754 2205 tamen
774 2173 886 2215 erat,
900 2167 1206 2219 quodincerta
1224 2172 1392 2215 essent,

76 2223 121 2256 et
147 2230 173 2257 a
197 2232 268 2259 me
296 2220 540 2274 aliquando
566 2233 647 2273 pro
683 2223 821 2261 certis
855 2221 1010 2261 habita.
1039 2223 1257 2271 fuissent,
1292 2234 1391 2261 cum

76 2273 361 2316 Catholicam
388 2282 510 2316 tuam
537 2278 686 2316 caecis
716 2278 1086 2319 contentionibus
1106 2278 1372 2317 adcusarem

975 2334 1004 2371 κ’
1026 2336 1047 2371 2
