1473 2443
92 135 146 175 34
401 139 681 180 AURELII
709 141 1091 185 AUGUSTINI

93 220 200 273 quid
229 233 389 275 ageres
421 235 616 265 mecum.
673 226 801 279 Apud
832 232 877 268 te
912 235 981 268 est
1014 230 1131 269 enim
1164 230 1398 283 sapientia.

88 277 225 316 Amor
250 283 400 318 autem
421 280 676 332 sapientiae
695 294 858 323 nomen
883 296 1097 337 graecum
1124 285 1260 327 habet
1278 290 1402 340 ᾳιλο-

91 333 259 381 σοφίαν,
281 345 368 386 quo
388 347 459 374 me
479 336 788 379 accendebant
804 339 910 379 illae
932 340 1111 382 literae.
1174 342 1308 393 Sunt,
1329 346 1404 397 qni

28 398 31 405 ·
89 387 310 428 seducant
334 401 416 441 per
441 389 800 445 philosophiam,
828 408 992 449 magno
1013 401 1058 436 et
1074 397 1240 438 blando
1262 405 1307 440 et
1324 399 1402 439 ho-

87 447 217 482 nesto
237 445 419 485 nomine
439 446 698 488 colorantes
719 455 763 489 et
780 449 987 492 fucantes
1008 465 1187 493 errores
1208 468 1338 495 suos:
1359 461 1405 495 et

86 510 229 550 prope
250 511 428 550 omnes,
456 502 533 554 qui
553 515 609 544 ex
625 504 717 544 illis
739 511 784 545 et
801 519 938 558 supra
956 509 1237 562 temporibus
1283 511 1401 551 tales

89 559 241 603 erant,
261 558 535 597 notanturin
555 571 609 598 eo
637 559 754 600 libro
784 569 830 601 et
855 562 1296 615 demonstrantur3et
1313 579 1402 606 ma-

86 607 330 664 nifestatur
361 612 425 651 ibi
457 614 696 655 salutifera
728 617 808 655 illa
841 618 1092 662 admonitio
1123 621 1308 672 spiritus
1337 624 1401 662 tui

84 677 164 717 per
183 678 363 706 servum
380 673 504 708 tuum
522 669 690 710 bonum
709 677 755 711 et
771 673 913 724 pium:
955 673 1125 725 Videte,
1146 689 1198 715 ne
1217 676 1309 730 quis
1328 691 1400 717 vos

83 721 273 774 decipiat
285 735 370 775 per
386 723 712 778 philosophiam
736 735 780 767 et
803 727 977 769 inanem
1000 731 1314 782 seductionem,
1339 746 1399 773 se-

83 777 268 817 cundum
309 779 592 820 traditionem
632 781 876 831 hominum,
915 787 1147 827 secundnm
1193 789 1400 828 elementa

81 831 207 873 liuius
231 833 401 883 mundi,
431 842 473 875 et
489 849 574 876 non
593 839 825 879 secundam
848 839 1092 882 Christum:
1125 842 1226 896 quia
1243 843 1287 884 in
1306 843 1396 897 ipso

81 887 302 928 inhabitat
352 890 488 930 omnis
529 894 756 945 plenitudo
804 895 1044 937 divinitatis
1092 899 1393 951 corporaliter.

82 944 197 991 (Col.
216 946 254 991 2,
269 945 308 985 S.
329 945 388 997 9.)
419 947 478 987 Et
505 960 590 1001 ego
610 950 691 989 illo
710 955 916 1003 tempore
937 953 1046 1001 (scis
1064 958 1113 993 tu
1130 954 1281 994 lumen
1301 968 1397 995 cor-

80 1000 148 1039 dis
166 1001 278 1050 mei,
309 1003 521 1055 quoniam
540 1006 737 1045 nondum
756 1006 870 1046 mihi
886 1006 999 1049 haec
1018 1010 1274 1061 apostolica
1290 1018 1399 1051 nota

79 1059 226 1107 erant)
255 1056 342 1098 hoc
364 1063 517 1099 tamen
543 1061 644 1100 solo
673 1062 936 1103 delectabar
951 1065 998 1104 in
1014 1065 1098 1105 illa
1116 1065 1396 1107 exhortatio-

77 1125 146 1160 ne,
165 1113 287 1166 quod
302 1127 392 1154 non
413 1115 538 1155 illam
557 1122 634 1156 aut
651 1117 776 1157 illam
796 1125 982 1170 sectam,
999 1121 1081 1160 sed
1098 1122 1243 1174 ipsam
1261 1135 1394 1175 quae-

77 1180 265 1222 cumque
282 1175 406 1210 esset
420 1172 690 1223 sapientiam
709 1179 758 1214 ut
777 1174 1030 1229 diligerem,
1049 1182 1093 1216 et
1113 1190 1391 1230 quaererem,

76 1228 120 1263 et
138 1225 430 1278 adsequerer,
448 1235 494 1267 et
509 1233 713 1268 tenerem
732 1235 867 1283 atque
888 1233 1187 1284 amplexarer,
1208 1232 1394 1274 fortiter

77 1281 311 1320 excitabar
336 1294 545 1323 sermone
564 1285 668 1334 illo,
696 1290 742 1325 et
759 1287 1065 1339 accendebar,
1092 1294 1137 1329 et
1155 1289 1391 1340 ardebam3

75 1334 217 1375 ethoc
227 1337 374 1376 solum
391 1351 461 1378 me
478 1340 524 1378 in
542 1344 669 1380 tanta
686 1339 928 1395 flagrantia
944 1343 1251 1398 refrangebat,
1272 1346 1394 1397 quod

73 1404 237 1431 nomen
254 1391 424 1433 Christi
442 1408 530 1433 non
552 1401 651 1435 erat
666 1396 743 1437 ibi.
779 1397 1050 1446 Quoniam
1077 1398 1140 1439 ho
1154 1413 1176 1439 e
1200 1415 1227 1439 n
1241 1413 1315 1440 om
1329 1413 1352 1440 e
1366 1416 1391 1440 n

74 1448 369 1488 secundum
420 1451 868 1493 misericordiam
924 1459 1088 1505 tuam,
1145 1455 1185 1494 D
1201 1457 1388 1506 omine,

73 1500 172 1542 hoc
195 1516 390 1544 nomen
418 1504 728 1548 Salvatoris
756 1510 885 1558 mei,
916 1509 1031 1549 filii
1054 1512 1158 1561 tui,
1186 1512 1238 1550 in
1264 1512 1387 1564 ipso

73 1559 140 1598 ad
156 1558 256 1599 huc
310 1560 454 1601 lacte
511 1564 712 1604 matris
762 1570 857 1604 ten
874 1577 1024 1605 erum
1073 1579 1168 1606 cor
1211 1580 1290 1607 me
1308 1581 1386 1607 um

69 1615 428 1665 praebiberat
465 1623 517 1657 et
551 1619 664 1658 alte
698 1621 1003 1660 retinebat:
1037 1627 1089 1661 et
1120 1622 1387 1675 quidquid

71 1670 155 1708 sin
172 1682 194 1709 e
236 1669 300 1709 ho
318 1684 340 1710 c.
378 1674 564 1712 nomin
581 1687 602 1713 e
641 1675 870 1724 fuisset,
914 1678 1163 1729 quamvis
1196 1678 1384 1718 litera-

68 1731 177 1764 tum
210 1731 263 1765 et
290 1728 601 1778 expolitum
630 1735 682 1769 et
707 1731 1044 1782 veridicum,
1078 1745 1182 1772 non
1203 1746 1243 1772 m
1258 1746 1280 1773 e
1309 1739 1383 1773 to-

69 1785 178 1819 tum
205 1782 481 1833 rapiebat.

153 1836 199 1875 C.
230 1837 282 1876 V.
342 1837 498 1891 ltaque
522 1839 701 1880 institui
726 1842 922 1881 animum
947 1843 1184 1883 intendere
1210 1845 1253 1883 in
1274 1846 1382 1884 scri-

66 1896 222 1943 pturas
251 1899 432 1933 sanctas
448 1925 459 1943 ,
485 1900 535 1934 ut
559 1896 760 1936 viderem
785 1898 941 1950 quales
971 1905 1138 1938 essent.
1197 1900 1256 1939 Et
1274 1912 1380 1940 ecce

65 1947 228 1987 video
254 1960 363 1988 rem
391 1962 494 1989 non
519 1958 862 2005 compertam
892 1955 1170 2006 superbis,
1197 1968 1380 2008 neque

66 2003 319 2043 nudatam
342 2007 553 2057 pueris3
587 2008 685 2048 sed
711 2009 937 2049 incessu
963 2009 1238 2059 humilem,
1267 2024 1377 2051 suc-

66 2071 228 2099 cessu
270 2061 568 2113 excelsam,
612 2069 662 2103 et
701 2065 946 2105 velatam
977 2067 1285 2119 mysteriis:
1333 2073 1379 2107 et

63 2126 154 2153 non
180 2127 301 2155 eram
327 2128 413 2169 ego
438 2118 568 2168 talis,
601 2125 652 2159 ut
672 2121 842 2161 intrare
868 2122 914 2161 in
942 2134 1041 2162 eam
1064 2134 1268 2174 possem,
1301 2132 1378 2162 aut

61 2170 282 2211 inclinare
308 2174 529 2213 cervicem
549 2174 603 2214 ad
623 2176 720 2215 eius
739 2189 940 2230 gressus.
998 2177 1101 2217 Non
1121 2179 1238 2218 enim
1257 2178 1376 2218 sicut

61 2226 196 2266 modo
217 2227 395 2280 loquor,
411 2230 474 2269 ita
493 2232 631 2281 sensi,
645 2245 744 2272 cum
763 2233 947 2274 adtendi
966 2234 1023 2274 ad
1039 2233 1165 2274 illam
1183 2235 1372 2288 seriptu-
