1473 2443
85 143 165 185 272
403 134 675 182 AURELII
704 130 1073 176 AUGUSTINI

87 231 134 266 et
166 226 211 265 in
244 224 357 264 fines
393 221 517 263 orbis
549 225 702 261 terrae
724 218 866 260 verba
889 229 1046 258 eorum
1067 215 1161 266 (Ps.
1183 214 1248 264 19,
1268 215 1307 256 4.
1329 218 1408 266 s.)3

89 282 305 336 quoniam
321 284 392 328 tu,
412 277 633 327 Domine,
660 273 945 317 benedicendo
965 269 1266 328 multiplicasti
1281 270 1408 312 haec.

90 334 321 390 Numquid
354 335 572 383 mentior,
606 336 685 373 aut
705 331 926 372 mixtione
949 329 1145 379 misceo,
1176 339 1324 381 neque
1349 327 1411 366 di-

90 394 274 446 stinguo
309 390 486 431 lucidas
523 388 814 442 cognitiones
838 385 997 427 harum
1019 397 1173 425 rerum
1193 384 1240 424 in
1251 382 1412 438 firma-

92 456 235 489 mento
264 445 391 496 coeli,
419 450 465 486 et
490 456 631 499 opera
656 442 918 496 corporalia
940 443 988 483 in
1010 440 1190 481 undoso
1214 438 1343 488 mari,
1370 444 1416 477 et

89 504 165 545 sub
190 502 479 559 firmamento
515 499 648 541 coeli?
679 499 879 548 Quarum
903 497 1024 538 enim
1046 508 1199 537 rerum
1220 494 1415 535 notitiae

92 565 199 601 sunt
219 559 396 599 solidae
424 563 469 598 et
493 556 763 597 terminatae
789 554 886 594 sine
912 553 1208 593 incrementis
1228 562 1416 604 genera-

92 618 287 665 tionum,
312 619 543 667 tamquam
559 610 722 651 lumina
742 610 994 662 sapientiae
1014 613 1059 649 et
1077 607 1319 656 scientiae,
1345 618 1416 645 ea-

93 672 299 712 rumdem
329 682 483 710 rerum
506 674 611 708 sunt
638 667 931 720 operationes
958 663 1222 717 corporales
1246 661 1418 703 multae

97 741 149 768 ac
167 728 337 776 variae,
358 731 404 766 et
421 725 545 765 aliud
568 737 625 765 ex
641 724 734 763 alio
756 721 1007 762 crescendo
1027 719 1354 773 multiplicatur
1372 717 1419 756 in

99 783 419 824 benedictione
452 786 554 831 tua,
579 779 727 830 Deus3
761 778 838 831 qui
870 776 1136 817 consolatus
1162 787 1210 815 es
1234 773 1422 814 fastidia

99 852 315 880 sensuum
339 837 621 887 mortalium,
644 840 695 875 ut
717 834 765 874 in
789 833 1054 887 cognitione
1080 830 1218 871 animi
1239 842 1313 869 res
1333 841 1422 868 una

98 895 254 936 multis
273 894 421 934 modis
440 905 521 946 per
549 891 756 945 corporis
775 890 1005 929 motiones
1026 888 1268 941 figuretur,
1288 890 1422 937 atque

100 952 292 991 dicatur.
355 949 509 1002 Aquae
521 948 831 1001 produxerunt
847 943 982 995 haec3
1008 945 1089 984 sed
1106 944 1153 982 in
1169 941 1308 983 verbo
1327 945 1422 980 tuo.

100 1006 418 1048 Necessitates
468 1004 772 1043 alienatorum
808 1000 864 1040 ab
908 1001 1180 1040 aeternitate
1219 996 1426 1038 veritatis

103 1068 209 1103 tuae
232 1060 504 1114 populorum
528 1059 844 1112 produxerunt
860 1055 994 1105 haec,
1021 1054 1165 1095 sedin
1185 1051 1426 1106 evangelio

102 1122 200 1167 tuo,
221 1117 433 1171 quoniam
451 1116 578 1168 ipsae
598 1125 739 1167 aquae
755 1112 841 1152 ista
859 1110 1089 1160 eiecerunt,
1106 1122 1293 1162 quarum
1311 1119 1428 1149 ama-

102 1186 182 1214 rus
208 1173 404 1225 languor
421 1170 510 1210 fuit
532 1181 688 1218 causa,
715 1172 765 1208 ut
782 1168 829 1207 in
844 1171 925 1206 tuo
944 1166 1084 1206 verbo
1104 1167 1194 1205 ista
1210 1163 1429 1218 procede-

104 1234 221 1269 rent.
280 1228 338 1267 Et
353 1226 543 1280 pulchra
562 1231 666 1266 sunt
684 1224 854 1273 omnia,
879 1221 1079 1263 faciente
1097 1225 1164 1270 te,
1189 1226 1235 1261 et
1254 1231 1360 1259 ecce
1383 1223 1431 1257 tu

106 1283 483 1325 inenarrabiliter
503 1280 740 1335 pulchrior
765 1280 842 1333 qui
860 1277 1015 1318 fecisti
1035 1277 1206 1327 omnia3
1239 1288 1265 1315 a
1283 1286 1370 1328 quo
1392 1273 1431 1313 si

107 1353 200 1381 non
223 1344 347 1380 esset
369 1338 524 1392 lapsus
547 1338 708 1386 Adam,
741 1348 833 1375 non
859 1333 1193 1374 diffunderetur
1218 1344 1274 1372 ex
1296 1336 1429 1370 utero

105 1398 204 1438 eius
229 1397 415 1449 salsugo
435 1393 588 1443 maris,
618 1406 761 1447 genus
780 1389 1021 1430 humanum
1038 1387 1264 1443 profunde
1284 1385 1431 1426 curio·

107 1466 227 1504 sum,
254 1458 299 1492 et
317 1451 577 1506 procellose
597 1448 840 1498 tumidum,
865 1451 911 1487 et
926 1445 1203 1486 instabiliter
1220 1442 1430 1492 fluidum3

104 1515 241 1563 atque
267 1509 333 1548 ita
358 1520 470 1561 opus
499 1510 643 1556 esset,
667 1510 718 1544 ut
740 1505 785 1543 in
804 1502 933 1557 aquis
953 1502 1108 1542 multis
1128 1498 1433 1554 corporaliter

105 1571 152 1605 et
175 1563 457 1605 sensibiliter
477 1565 777 1616 operarentur
795 1559 1135 1612 dispensatores
1156 1558 1220 1596 tui
1236 1554 1434 1608 mystica

104 1621 230 1661 facta
247 1626 291 1660 et
311 1620 434 1659 dicta
448 1620 535 1668 (sic
551 1618 671 1658 enim
687 1627 804 1656 nunc
819 1614 930 1655 mihi
947 1616 1245 1654 occurrerunt
1257 1607 1432 1663 reptilia

106 1684 148 1717 et
167 1675 407 1727 volatilia),
444 1675 606 1728 quibus
630 1672 794 1713 imbuti
825 1676 869 1710 et
898 1671 1067 1710 initiati
1097 1667 1304 1708 homines
1334 1676 1432 1704 cor-

105 1732 343 1786 poralibus
363 1730 661 1771 sacramentis
681 1727 873 1776 subditi,
892 1738 981 1765 non
999 1725 1120 1764 ultra
1137 1722 1431 1776 proficerent,

106 1788 197 1828 nisi
220 1787 490 1840 spiritaliter
512 1787 771 1825 vivesceret
793 1784 941 1821 anima
958 1780 1103 1834 gradu
1120 1779 1211 1818 alio
1227 1808 1237 1828 ,
1264 1782 1311 1817 et
1328 1780 1436 1830 post

107 1843 232 1884 initii
249 1843 436 1882 verbum
453 1843 499 1881 in
519 1839 955 1882 consummationem
972 1836 1238 1888 respiceret.

194 1899 241 1938 C.
267 1898 389 1937 XXI.
453 1898 511 1937 Ac
534 1909 616 1949 per
639 1894 791 1935 hocin
808 1893 947 1933 verbo
967 1897 1046 1931 tuo
1066 1903 1157 1931 non
1173 1890 1311 1930 maris
1329 1898 1430 1941 pro-

107 1954 333 2003 funditas,
360 1953 442 1993 sed
460 1953 514 1992 ab
536 1964 752 2005 aquarum
772 1948 1072 1988 amaritudine
1092 1954 1211 1987 terra
1231 1945 1432 1985 discreta

112 2009 257 2059 eiecit,
288 2021 380 2049 non
411 2008 597 2060 reptilia
628 2008 877 2046 animarum
908 2004 1110 2044 vivarum
1137 2007 1181 2042 et
1205 1998 1427 2047 volatilia,

115 2066 197 2106 sed
221 2065 413 2106 animam
430 2064 585 2103 vivam.
609 2062 742 2111 (Gen.
764 2063 801 2111 l,
820 2060 887 2099 24.
909 2061 965 2107 s.)
1025 2058 1184 2111 Neque
1205 2056 1323 2096 enim
1341 2055 1432 2092 iam

117 2135 228 2175 opus
260 2121 399 2161 habet
419 2120 668 2173 baptismo,
703 2128 790 2170 quo
816 2116 1028 2168 gentibus
1053 2127 1164 2167 opus
1189 2117 1278 2161 est,
1315 2111 1434 2149 sicut

119 2190 232 2230 opus
267 2176 483 2227 habebat,
518 2187 618 2215 cum
641 2174 768 2227 aquis
793 2176 1042 2224 tegeretur.
1101 2168 1202 2209 Non
1226 2167 1343 2207 enim
1366 2165 1431 2203 in-

117 2239 264 2273 tratur
288 2233 422 2273 aliter
443 2233 490 2272 in
510 2242 701 2285 regnum
724 2228 959 2270 coelorum
985 2239 1041 2269 ex
1064 2225 1145 2265 illo
1160 2255 1170 2273 ‚
1198 2235 1287 2277 quo
1307 2221 1435 2262 insti-
