1473 2443
124 89 204 132 196
441 85 715 129 AURELII
746 84 1114 127 AUGUSTINI

122 187 246 224 meo3
280 174 489 227 quoniam
514 169 703 225 pulchra
721 171 914 210 traiecta
931 179 1011 223 per
1028 167 1197 205 animas
1218 164 1261 205 in
1278 177 1434 206 manus

121 230 394 270 artificiosas
414 229 468 268 ab
486 229 566 267 illa
582 226 917 281 pulchritudine
935 223 1141 270 veniunt,
1169 234 1282 274 quae
1302 233 1436 274 super

121 286 291 325 animas
312 289 394 333 est,
415 285 487 324 cui
505 283 702 336 suspirat
719 283 866 321 anima
882 293 983 320 mea
1002 278 1073 317 die
1095 290 1146 316 ac
1163 282 1312 317 nocte.
1346 276 1435 317 Sed

117 340 502 394 pulchritudinum
527 340 803 379 exteriorum
832 341 1097 391 operatores
1118 337 1163 372 et
1181 338 1433 373 sectatores

117 396 225 436 inde
256 394 442 436 trahunt
474 393 756 448 adprobandi
786 392 989 441 modum,
1023 401 1114 429 non
1145 394 1297 428 autem
1327 388 1434 428 inde

117 450 304 492 trahunt
334 452 490 491 utendi
522 451 717 490 modum.
777 448 835 488 Et
866 448 928 487 ibi
963 451 1046 494 est,
1083 448 1128 483 et
1158 457 1248 484 non
1280 445 1436 484 vident

121 521 241 557 eum,
257 512 306 546 ut
325 520 414 546 non
434 512 539 546 eant
555 506 752 559 longius,
773 510 818 544 et
834 501 1150 543 fortitudinem
1171 513 1296 540 suam
1316 499 1371 539 ad
1387 505 1433 538 te

121 563 401 612 custodiant,
425 575 509 602 nec
529 575 627 602 eam
645 565 861 614 spargant
877 561 924 598 in
943 557 1186 598 deliciosas
1205 555 1433 596 lassitudi-

119 631 216 659 nes.
275 619 373 672 Ego
425 623 575 658 autem
612 616 726 657 haec
764 616 955 669 loquens
995 619 1128 665 atque
1170 611 1433 651 discernens

121 676 258 714 etiam
282 675 383 714 istis
410 673 611 726 pulchris
637 684 843 727 gressum
859 671 1062 718 innect03
1096 667 1176 707 sed
1193 672 1241 706 tu
1260 666 1433 715 evellis,

116 729 335 780 Domine,
371 730 530 770 evellis
548 735 617 778 tu,
655 728 867 781 quoniam
888 723 1207 766 misericordia
1229 728 1308 762 tua
1332 726 1435 761 ante

122 786 282 826 oculos
308 798 435 826 meos
463 790 545 826 est.
603 783 719 825 Nam
743 788 788 823 et
811 794 896 836 ego
923 781 1078 833 capior
1096 778 1435 827 miserabiliter,

123 848 169 881 et
198 847 247 882 tu
282 842 440 882 evellis
466 839 830 881 misericorditer
855 835 1097 891 aliquando
1123 846 1214 873 non
1240 833 1434 873 sentien-

119 903 227 945 tem,
242 898 346 949 quia
363 897 626 950 suspensius
644 894 908 943 incideram,
929 889 1171 945 aliquando
1192 902 1291 929 cum
1309 889 1436 929 dolo—

120 965 185 1002 re,
207 955 312 1005 quia
329 953 416 992 iam
434 951 735 992 inhaeseram.

206 1009 253 1048 C.
278 1007 463 1049 XXXV.
522 1008 625 1047 Huc
659 1004 838 1046 accedit
870 1004 960 1044 alia
990 1002 1139 1042 forma
1167 999 1436 1040 tentationis

120 1064 416 1118 multiplicius
437 1063 709 1117 periculosa.
763 1061 953 1101 Praeter
972 1071 1070 1098 eam
1090 1057 1207 1097 enim
1229 1054 1438 1107 concupi-

121 1120 343 1160 scentiam
367 1121 536 1168 carnis,
563 1130 676 1172 quae
700 1117 822 1156 inest
844 1116 891 1155 in
915 1115 1220 1154 delectatione
1242 1112 1439 1151 omnium

122 1188 334 1215 sensuum
368 1180 414 1215 et
445 1175 747 1227 voluptatum,
782 1172 855 1213 cui
888 1171 1138 1211 servientes
1173 1168 1436 1220 depereunt,

124 1233 201 1284 qui
225 1231 363 1284 longe
388 1243 436 1271 se
461 1230 635 1270 faciunt
657 1242 684 1269 a
704 1234 774 1278 te,
798 1229 920 1268 inest
943 1225 1119 1266 animae
1146 1236 1227 1277 per
1251 1222 1439 1262 eosdem

124 1299 284 1327 sensus
305 1287 510 1339 corporis
530 1285 750 1340 quaedam
768 1296 857 1323 non
876 1294 924 1322 se
945 1279 1204 1321 oblectandi
1221 1280 1267 1318 in
1287 1289 1438 1326 carne,

126 1343 206 1383 sed
226 1342 490 1395 experiendi
506 1354 587 1395 per
608 1352 787 1380 carnem
806 1351 920 1378 vana
937 1343 983 1377 et
1001 1336 1181 1376 curiosa
1200 1334 1440 1386 cupiditas,

124 1399 305 1438 nomine
327 1398 605 1452 cognitionis
626 1401 669 1436 et
688 1395 906 1436 scientiae
924 1393 1124 1447 palliata.
1159 1390 1284 1438 Quae
1304 1401 1442 1442 quon-

124 1457 215 1494 iam
247 1455 293 1494 in
329 1455 532 1507 adpetitu
564 1452 786 1492 noscendi
809 1456 900 1499 est,
937 1449 1058 1489 oculi
1080 1451 1231 1486 autem
1256 1450 1359 1485 sunt
1386 1444 1443 1483 ad

128 1510 497 1563 cognoscendum
519 1509 565 1548 in
589 1508 796 1548 sensibus
820 1506 1068 1559 principes,
1094 1499 1442 1553 concupiscentia

128 1567 353 1605 oculorum
373 1565 556 1618 eloquio
577 1564 729 1603 divino
749 1562 977 1615 adpellata
996 1564 1078 1599 est.
1113 1558 1153 1606 (l
1174 1555 1268 1596 Ioh.
1290 1558 1329 1605 2,
1352 1553 1437 1603 16.)

123 1621 191 1660 Ad
215 1622 373 1661 oculos
393 1621 511 1660 enim
529 1620 711 1672 proprie
729 1618 883 1657 ridere
903 1615 1114 1668 pertinet.
1172 1612 1348 1651 Utimur
1365 1622 1438 1648 au-

125 1683 217 1716 tem
234 1675 321 1715 hoc
338 1676 477 1716 verbo
499 1676 633 1715 etiam
651 1675 697 1713 in
718 1672 911 1713 caeteris
931 1668 1153 1716 sensibus,
1167 1679 1266 1706 cum
1285 1678 1364 1705 eos
1385 1664 1437 1703 ad

128 1732 496 1784 cognoscendum
531 1729 820 1770 intendimus.
880 1725 1040 1777 Neque
1080 1723 1198 1762 enim
1230 1721 1438 1761 dicimus:

129 1788 249 1837 audi,
267 1787 374 1840 quid
391 1787 570 1835 rutilet3
604 1791 698 1824 aut:
733 1781 868 1831 olfac,
889 1793 1021 1834 quam
1039 1780 1200 1827 niteat3
1234 1782 1330 1816 aut:
1363 1789 1439 1828 gu-

127 1848 213 1892 sta,
235 1856 366 1896 quam
385 1842 640 1894 splendeat3
674 1845 767 1879 aut:
798 1837 947 1891 palpa,
969 1847 1099 1888 quam
1116 1832 1305 1886 fulgeat.
1364 1830 1440 1870 Vi-

128 1899 227 1938 deri
245 1899 363 1938 enim
382 1898 591 1937 dicuntur
609 1894 721 1935 haec
739 1894 903 1934 omnia.
960 1891 1165 1930 Dicimus
1184 1893 1332 1928 autem
1351 1898 1441 1925 non

128 1955 293 1994 solum:
313 1952 432 2003 vide,
454 1952 561 2006 quid
578 1951 743 1999 luceat,
763 1948 884 2002 quod
902 1947 990 1986 soli
1010 1945 1131 1985 oculi
1150 1944 1320 1984 sentire
1337 1954 1440 1994 pos-

127 2015 250 2061 sunt3
284 2009 361 2049 sed
385 2009 540 2049 etiam:
572 2006 693 2055 vide,
715 2004 823 2058 quid
841 2008 995 2053 sonet3
1027 2001 1146 2048 vide,
1168 1999 1273 2053 quid
1297 1997 1438 2044 oleat;

125 2066 252 2115 ride,
287 2066 395 2118 quid
419 2064 584 2116 sapiat3
615 2061 738 2110 vide,
765 2072 897 2113 quam
926 2058 1084 2098 durum
1109 2056 1180 2095 sit.
1239 2053 1439 2105 Ideoque

127 2122 355 2175 generalis
383 2119 665 2172 experientia
687 2128 898 2156 sensuum
918 2110 1286 2164 concupiscentia
1304 2109 1441 2158 (sicut

130 2179 298 2218 (lictum
320 2180 407 2227 est)
431 2174 667 2215 oculorum
684 2176 887 2220 vocatur,
908 2170 1012 2223 quia
1027 2165 1210 2208 videndi
1229 2164 1437 2205 officium,
