1473 2443
159 110 237 148 158
484 112 755 153 AURELII
780 115 1144 158 AUGUSTINI

157 199 203 234 et
220 194 286 234 sic
305 195 391 234 erit
408 207 603 249 semper3
632 198 737 250 quin
754 199 906 252 potius
924 199 1066 241 fuisse
1087 206 1131 241 et
1148 201 1348 243 futurum
1366 217 1466 245 esse

154 262 244 290 non
269 256 338 290 est
360 250 405 289 in
433 263 505 301 ea,
531 251 613 291 sed
637 264 737 293 esse
757 254 922 306 solum,
948 258 1160 310 quoniam
1178 263 1364 299 aeterna
1382 267 1465 301 est.

152 304 266 345 Nam
297 305 440 346 fuisse
474 312 520 346 et
549 307 747 349 futurum
769 322 873 350 esse
897 323 987 351 non
1011 318 1080 352 est
1104 318 1350 356 aeternum.
1410 316 1468 356 Et

154 361 256 401 dum
269 361 551 414 loquimuret
570 362 791 405 inhiamus
811 366 896 416 illi,
909 367 1153 421 adtigimus
1174 382 1271 410 eam
1288 370 1465 411 modice

150 423 248 456 toto
282 418 375 457 ictu
407 419 579 469 cordis,
614 425 659 459 et
690 421 1012 474 suspiravimus
1043 431 1088 464 et
1115 425 1379 479 reliquimus
1403 427 1465 467 ibi

151 473 369 526 religatas
388 474 608 527 primitias
628 476 834 529 spiritus,
855 484 900 517 et
916 481 1214 521 remeavimus
1234 482 1287 521 ad
1308 484 1465 535 strepi-

150 535 244 568 tum
264 530 355 569 oris
375 531 535 579 nostri,
555 532 632 572 ubi
649 532 830 573 verbum
851 539 895 574 et
913 535 1126 589 incipitur
1145 545 1189 576 et
1210 538 1375 578 finitur.
1410 539 1466 578 Et

150 584 257 637 quid
280 585 427 624 simile
446 585 597 626 Verbo
621 591 722 638 tuo,
746 588 941 630 Domino
961 597 1139 642 nostro,
1162 593 1207 632 in
1227 605 1275 633 se
1293 606 1464 646 perma-

150 640 273 679 nenti
292 641 388 680 sine
407 647 649 692 vetustate,
669 649 802 697 atque
822 646 1055 686 innovanti
1075 648 1246 688 omnia?
1270 649 1462 691 Diceba-

148 709 244 735 mus
265 707 395 749 ergo:
428 697 468 737 si
486 698 558 737 cui
576 699 711 739 sileat
729 701 943 741 tumultus
963 704 1126 753 carnis,
1147 704 1312 744 sileant
1327 704 1462 758 phan-

146 751 292 791 tasiae
316 757 467 792 terrae
493 759 537 793 et
560 766 776 808 aquarum
802 762 845 796 et
865 758 1006 808 aeris,
1032 759 1199 800 sileant
1217 765 1261 800 et
1276 761 1391 814 poli,
1417 770 1462 802 et

145 807 246 860 ipsa
269 808 359 848 sibi
384 809 532 849 anima
555 811 709 861 sileat,
736 817 781 851 et
797 816 999 853 transeat
1018 826 1065 854 se
1084 827 1173 855 non
1191 828 1239 856 se
1260 817 1462 870 cogitan-

148 864 225 913 do;
276 863 442 904 sileant
487 867 663 905 somnia
710 873 755 907 et
803 868 1098 922 imaginariae
1140 872 1461 922 revelationes,

147 919 291 959 omnis
310 919 465 973 lingua
483 926 527 960 et
541 934 671 961 omne
693 923 885 976 signum,
900 930 944 964 et
958 926 1171 980 quidquid
1183 929 1460 968 transeundo

150 974 218 1023 fit,
238 975 277 1014 si
303 977 374 1015 cui
393 976 528 1016 sileat
547 978 748 1026 omnino;
782 981 1007 1031 quoniam,
1028 983 1067 1021 si
1084 983 1182 1035 quis
1202 984 1373 1032 audiat,
1399 984 1462 1023 di-

147 1035 251 1070 cunt
280 1029 392 1070 haec
434 1032 600 1072 omnia:
633 1046 722 1073 non
761 1035 859 1088 ipsa
881 1049 963 1076 nos
994 1036 1207 1088 fecimus,
1245 1040 1325 1080 sed
1350 1039 1462 1080 fecit

145 1097 226 1125 nos
242 1087 316 1139 qui
332 1092 482 1126 manet
500 1087 546 1126 in
564 1093 810 1130 aeternum.
843 1091 927 1131 His
948 1092 1081 1133 dictis
1101 1094 1138 1133 si
1156 1095 1246 1134 iam
1262 1100 1457 1146 taceant,

144 1142 357 1194 quoniam
381 1148 623 1183 erexerunt
640 1157 793 1185 aurem
811 1148 857 1186 in
876 1159 995 1197 611111,
1017 1149 1089 1202 qui
1110 1149 1220 1189 fecit
1239 1163 1311 1201 ea,
1332 1156 1377 1191 et
1394 1151 1457 1191 lo-

145 1202 306 1249 quatur
330 1198 425 1251 ipse
449 1198 596 1249 solus,
621 1212 711 1240 non
733 1213 814 1254 per
838 1214 911 1252 ea,
938 1204 1019 1244 sed
1043 1216 1124 1257 pel·
1147 1217 1195 1244 se
1220 1206 1384 1258 ipsum,
1409 1212 1459 1247 ut

144 1252 379 1293 audiamus
403 1254 589 1294 verbum
613 1256 730 1306 eius,
755 1270 845 1297 non
868 1271 948 1312 per
971 1260 1171 1313 linguam
1190 1262 1357 1311 carnis,
1382 1276 1455 1302 ne-

143 1320 228 1362 que
248 1321 328 1362 per
345 1322 504 1349 vocem
523 1311 689 1364 angeli,
702 1325 786 1353 nec
804 1326 884 1367 per
902 1316 1101 1355 sonitum
1119 1317 1265 1366 nubis,
1279 1330 1360 1357 nec
1378 1331 1457 1371 per

143 1365 353 1418 aenigma
374 1366 708 1418 similitudinis,
733 1370 814 1409 sed
838 1370 1003 1424 ipsum,
1030 1385 1163 1426 quem
1183 1374 1228 1413 in
1253 1372 1321 1413 his
1340 1386 1456 1413 ama-

140 1433 253 1471 mus,
268 1421 416 1475 ipsum
436 1422 533 1462 sine
550 1421 618 1463 his
638 1424 886 1476 audiamus,
904 1428 1021 1467 sicut
1038 1442 1155 1469 nunc
1174 1430 1457 1469 extendimus

140 1488 247 1526 nos,
281 1482 327 1516 et
356 1478 515 1531 rapida
546 1480 833 1532 cogitatione
868 1483 1112 1537 adtigimus
1137 1490 1368 1525 aeternam
1391 1498 1458 1525 sa·

141 1532 359 1585 pientiam
377 1546 514 1587 super
534 1535 683 1575 omnia
700 1542 972 1589 manentem3
993 1541 1029 1580 si
1050 1541 1337 1580 continuetur
1355 1539 1456 1591 hoc,

142 1593 187 1627 et
206 1587 528 1630 subtrahantur
546 1590 662 1631 aliae
681 1593 881 1633 visiones
900 1594 1036 1648 longe
1054 1595 1238 1648 imparis
1258 1597 1455 1648 generis,

139 1649 185 1683 et
196 1642 308 1685 haec
322 1658 411 1685 una
420 1646 568 1698 rapiat
580 1652 624 1686 et
638 1649 883 1689 absorbeat
895 1655 940 1689 et
952 1651 1171 1690 recondat
1181 1651 1225 1690 in
1237 1652 1457 1692 interiora

139 1700 306 1752 gaudia
328 1706 634 1754 spectatorem
657 1717 805 1753 suum,
830 1710 880 1744 ut
897 1705 1002 1745 talis
1023 1706 1083 1745 sit
1100 1708 1375 1760 sempiterna
1392 1709 1452 1747 vi-

139 1760 204 1804 ta,
231 1756 362 1809 quale
387 1756 475 1796 fuit
497 1755 583 1797 hoc
600 1764 876 1800 momentum
909 1760 1264 1815 intelligentiae,
1291 1764 1363 1802 cui
1382 1778 1451 1803 su-

138 1811 427 1863 spiravimus;
461 1825 610 1853 nonne
637 1812 724 1854 1106
742 1820 830 1855 est:
864 1814 991 1856 Intra
1008 1816 1053 1857 in
1067 1817 1279 1871 gaudium
1296 1817 1448 1859 Domi-

139 1865 187 1905 ni
224 1866 512 1916 tai?(Matt}1.
532 1868 600 1918 25,
620 1870 707 1920 211.)
755 1870 813 1910 Et
852 1872 975 1911 istud
1013 1873 1219 1926 quando?
1247 1875 1312 1913 An
1352 1887 1450 1914 611111

140 1933 294 1962 01111165
334 1935 645 1976 resurgemus,
683 1926 764 1965 sed
784 1938 873 1966 non
906 1939 1061 1968 omnes
1093 1930 1449 1970 immutabimur}

134 1976 355 2017 Dicebam
377 1978 509 2028 talia,
537 1984 582 2018 et
605 1981 643 2019 si
667 1993 756 2020 non
773 1981 863 2022 isto
882 1983 1018 2024 modo
1040 1989 1084 2024 et
1102 1983 1170 2024 his
1189 1985 1358 2034 verbis,
1383 1990 1446 2025 ta-

136 2045 255 2083 men,
275 2033 488 2083 Domine,
513 2040 561 2074 tu
580 2036 692 2085 scis,
717 2038 838 2090 quod
855 2039 935 2078 illo
958 2039 1029 2079 die
1049 2052 1147 2079 cum
1164 2040 1276 2078 talia
1292 2041 1445 2094 loque-

133 2101 302 2139 remur,
338 2095 382 2129 et
413 2090 604 2131 mundus
637 2092 723 2131 iste
746 2094 878 2133 nobis
902 2095 1021 2134 inter
1045 2095 1181 2134 verba
1202 2095 1446 2136 vilesceret

134 2157 233 2184 cum
253 2145 457 2185 omnibus
477 2146 858 2189 delectationibus
880 2152 988 2200 suis,
1006 2155 1114 2190 tunc
1133 2151 1196 2189 ait
1212 2150 1310 2191 illa:
1342 2152 1443 2201 „Fi-

130 2199 165 2240 li
217 2207 429 2254 quantum
454 2202 510 2242 ad
534 2214 603 2243 me
629 2202 823 2257 adtinet,
847 2205 969 2246 nulla
991 2206 1079 2246 iam
1100 2218 1149 2247 re
1174 2205 1377 2248 delector
1399 2207 1443 2247 in
