1514 2438
280 66 815 109 CONFESSIONUM
845 65 1054 108 LIBER
1083 66 1194 108 XII.
1311 66 1392 106 233

64 151 154 191 ista
173 152 442 205 quaestione
462 153 675 193 enodasti
691 150 815 203 mihi,
836 153 935 206 quis
957 153 1208 206 legentium
1228 163 1392 205 capere

67 208 273 248 durabit‘}
303 207 399 248 Nec
421 208 527 248 ideo
552 214 705 248 tamen
725 209 926 249 cessabit
944 222 1024 249 cor
1040 222 1191 249 meum
1210 208 1318 248 dare
1337 208 1393 248 ti-

65 264 113 303 bi
137 262 364 304 honorem
387 269 434 305 et
456 265 682 304 canticum
707 265 856 305 laudis
882 265 937 305 de
960 266 1039 315 iis,
1075 277 1189 319 quae
1216 265 1391 304 dictare

64 331 157 360 non
194 320 375 361 sufficit.
433 320 720 361 Mutabilitas
761 323 880 361 enim
915 333 1068 362 rerum
1104 320 1392 362 mutabilium

66 377 168 429 ipsa
192 388 337 429 capax
359 381 429 417 est
453 376 704 417 formarum
723 378 942 427 omnium,
965 379 1012 418 in
1031 390 1142 431 quas
1161 381 1395 417 mutantur

66 444 141 472 res
166 433 422 473 mutabiles.
481 433 540 473 Et
562 431 675 474 haec
695 434 803 487 quid
821 434 915 474 ests}
944 433 1174 487 Numquid
1193 432 1396 473 animus}

67 487 297 542 Numquid
316 489 508 541 corpus'.t
538 488 769 543 Numquid
787 490 966 542 species
986 491 1124 530 animi
1144 490 1216 530 vel
1233 501 1394 541 corpo-

64 544 156 584 ristt
187 544 235 585 Si
254 544 346 585 diei
362 551 539 598 posset:
572 544 687 586 nihil
703 545 890 599 aliquid,
911 551 974 586 et:
1009 552 1186 586 estnon
1205 551 1290 596 est,
1310 544 1396 584 hoc

69 612 168 641 eam
182 600 401 652 dicerem3
422 606 468 641 et
483 607 636 642 tamen
653 603 743 642 iam
762 607 1004 656 utcumque
1025 608 1137 653 erat,
1149 608 1199 643 ut
1216 602 1396 655 species

70 662 256 710 caperet
272 657 385 697 istas
404 658 612 699 visibiles
633 668 678 698 et
697 660 991 711 compositas.

154 713 201 753 C.
224 712 316 754 VII.
348 713 407 753 Et
422 713 542 754 unde
561 720 804 768 utcumque
825 720 936 764 erat,
949 716 1039 755 nisi
1058 718 1181 755 esset
1199 714 1280 754 abs
1297 718 1359 763 te,
1374 726 1401 753 a

71 781 159 822 quo
174 774 279 809 sunt
291 770 457 819 omnia,
472 770 519 810 in
537 775 948 824 quantumcumque
967 770 1096 811 sunt‘!
1116 770 1205 811 Sed
1223 774 1352 810 tanto
1374 782 1401 809 a

70 831 115 866 te
134 825 334 879 longius,
348 831 516 879 quanto
537 827 824 867 dissimilius:
844 839 992 880 neque
1012 827 1131 867 enim
1148 827 1280 867 locis.
1311 825 1399 865 Ita-

73 893 158 935 que
178 886 243 931 tu,
269 881 488 931 Domine,
514 884 601 937 qui
627 895 731 923 non
760 895 813 924 es
847 883 983 923 alias
1017 882 1164 924 aliud
1190 887 1242 923 et
1263 881 1400 923 alias

75 937 253 987 aliter,
280 938 373 977 sed
394 938 448 978 id
469 940 664 992 ipsum,
692 944 747 980 et
772 940 827 980 id
848 940 1037 992 ipsum,
1064 945 1116 980 et
1137 939 1190 980 id
1212 939 1397 992 ipsum,

72 998 310 1044 sanctus,
359 1000 598 1045 sanctus,
651 1001 892 1046 sanctus,
948 995 1206 1037 Dominus
1253 994 1401 1035 Deus

75 1050 436 1102 omnipotens,
469 1051 521 1090 in
554 1052 848 1106 principio,
883 1052 1023 1106 quod
1053 1058 1134 1093 est
1158 1052 1219 1092 de
1244 1057 1311 1102 te,
1345 1053 1401 1092 in

74 1106 345 1160 sapientia
380 1111 490 1157 tua,
536 1120 668 1161 quae
706 1113 829 1149 nata
873 1113 954 1149 est
991 1109 1052 1150 de
1091 1109 1401 1150 substantia

74 1167 186 1211 tua,
220 1161 408 1205 fecisti
440 1164 646 1218 aliquid
670 1169 722 1206 et
746 1165 807 1206 de
829 1163 1017 1207 nihilo.
1075 1164 1250 1206 Fecisti
1283 1165 1403 1204 enim

75 1219 253 1258 coelum
268 1225 313 1259 et
330 1225 500 1260 terram
516 1234 608 1262 non
625 1221 679 1261 de
690 1226 759 1273 te;
778 1234 882 1262 nam
896 1227 1022 1262 esset
1036 1220 1227 1276 aequale
1242 1221 1401 1274 unige-

72 1275 167 1315 nito
187 1281 283 1326 tuo,
301 1289 354 1316 ac
370 1289 452 1329 per
470 1276 557 1318 hoc
577 1283 622 1318 et
640 1278 743 1329 tibi3
777 1283 823 1318 et
840 1278 967 1318 nullo
985 1278 1124 1318 modo
1142 1278 1314 1318 iustum
1333 1288 1402 1317 es-

72 1337 157 1380 set,
169 1336 220 1371 ut
230 1333 420 1386 aequale
434 1333 521 1372 tibi
534 1338 671 1383 esset,
686 1333 808 1387 quod
821 1334 876 1375 de
888 1338 934 1374 te
947 1346 1037 1373 non
1050 1338 1188 1375 esset.
1205 1332 1265 1372 Et
1277 1332 1404 1374 aliud

71 1392 255 1440 praeter
268 1393 313 1428 te
328 1401 418 1427 non
439 1394 550 1439 erat,
565 1390 685 1430 unde
703 1389 883 1430 faceres
903 1389 1125 1440 ea,Deus,
1145 1402 1236 1430 una
1249 1389 1404 1431 Trini-

71 1450 159 1493 tas,
175 1449 220 1483 et
234 1444 544 1496 trinaUnitas3
565 1446 726 1488 etideo
747 1445 802 1486 de
821 1445 965 1486 nihilo
980 1445 1136 1487 fecisti
1155 1445 1336 1486 coelum
1355 1450 1402 1485 et

72 1505 256 1549 terram,
276 1512 488 1554 magnum
507 1501 720 1554 quiddam
741 1506 786 1542 et
803 1515 990 1556 parvum
1009 1502 1239 1556 quiddam,
1259 1513 1400 1555 quon-

70 1555 161 1594 iam
182 1556 469 1609 omnipotens
489 1563 534 1597 et
550 1559 696 1599 bonus
722 1571 770 1599 es
790 1558 847 1599 ad
864 1558 1077 1599 facienda
1095 1559 1247 1598 omnia
1261 1558 1400 1608 bona,

70 1624 284 1665 magnum
302 1612 482 1653 coelum
500 1619 545 1654 et
562 1627 747 1667 parvam
765 1620 949 1655 terram.
989 1616 1061 1656 Tu
1078 1627 1195 1665 eras,
1212 1619 1258 1655 et
1275 1614 1401 1655 aliud

72 1666 206 1718 nihil,
230 1668 350 1709 unde
374 1668 530 1710 fecisti
553 1671 734 1711 coelum
757 1676 803 1712 et
825 1676 1016 1721 terram,
1043 1670 1132 1711 duo
1157 1670 1397 1725 quaedam,

70 1736 208 1763 unum
227 1737 367 1779 prope
386 1731 447 1777 te,
468 1726 660 1767 alterum
678 1740 821 1782 prope
840 1727 972 1779 nihil3
1003 1740 1141 1768 unum
1159 1739 1248 1782 quo
1268 1738 1397 1780 supe-

71 1779 169 1818 rior
200 1785 249 1820 tu
284 1792 432 1831 esses,
466 1782 659 1824 alterum
693 1797 781 1838 quo
813 1783 1007 1824 inferius
1025 1782 1141 1824 nihil
1157 1788 1295 1824 esset.

158 1835 204 1875 C.
230 1834 346 1877 VIII.
408 1836 500 1878 Sed
530 1839 647 1880 illud
679 1840 858 1880 coelum
891 1840 1011 1881 coeli
1032 1840 1141 1890 tibi,
1174 1839 1396 1890 Domine3

73 1897 198 1931 terra
214 1897 384 1943 autem,
406 1906 538 1946 quam
556 1895 726 1937 dedisti
743 1896 850 1936 filiis
870 1895 1104 1937 hominum
1123 1895 1398 1937 cernendam

74 1952 208 2001 atque
226 1949 521 2002 tangendam,
540 1964 631 1992 non
650 1957 748 1993 erat
764 1953 894 2003 talis,
914 1952 1095 2007 qualem
1113 1964 1232 1992 nunc
1252 1951 1396 1992 cerni-

72 2015 171 2043 mus
192 2008 237 2044 et
255 2006 497 2058 tangimus.
556 2006 805 2050 Invisibilis
825 2009 943 2050 enim
964 2014 1082 2059 erat,
1102 2013 1148 2048 et
1163 2009 1396 2060 incompo-

73 2059 184 2109 sita,
209 2065 255 2100 et
279 2060 473 2114 abyssus
497 2068 615 2113 erat,
640 2077 778 2118 super
802 2078 935 2119 quam
957 2078 1050 2105 non
1075 2069 1173 2105 erat
1190 2063 1285 2113 lux3
1319 2067 1398 2102 aut

73 2115 276 2157 tenebrae
302 2124 433 2158 erant
450 2131 580 2172 super
603 2119 825 2174 abyssum,
853 2121 900 2162 id
920 2128 1009 2171 est,
1033 2120 1178 2174 magis
1199 2131 1332 2172 quam
1348 2118 1396 2158 in

74 2171 259 2224 abysso.
291 2172 384 2213 Ista
403 2175 567 2229 quippe
588 2175 782 2225 abyssus
804 2190 1022 2230 aquarum
1039 2177 1128 2216 iam
1150 2174 1394 2214 visibilium
