1514 2438
265 118 790 161 CONFESSIONUM
818 119 1021 162 LIBER
1049 120 1184 164 VIII.
1310 125 1388 164 123

69 205 262 245 bescens
286 205 406 244 curis
430 205 663 255 marcidis,
689 205 809 260 quod
834 210 879 247 et
900 206 947 246 in
969 206 1071 247 aliis
1093 208 1252 258 rebus,
1279 221 1389 262 quas

71 261 283 301 nolebam
313 261 428 314 pati,
469 273 722 315 congruere
756 264 956 316 cogebar
985 263 1107 303 vitae
1141 265 1389 318 coniugali,

73 318 146 357 cui
165 317 344 357 deditus
365 317 699 371 obstringebar.
731 319 972 359 Audieram
991 331 1047 359 ex
1066 332 1143 359 ore
1163 321 1389 370 veritatis,

75 385 178 414 esse
202 372 448 427 spadones,
473 373 550 427 qui
573 385 622 414 se
645 374 772 427 ipsos
795 375 1089 415 absciderunt
1110 381 1298 429 propter
1320 389 1389 416 re-

74 442 211 483 gnum
229 429 480 469 coelorum:
501 429 582 469 sed
602 429 843 484 quipotest‚
863 432 1023 484 inquit,
1037 444 1203 485 capere,
1225 432 1387 485 capiat.

75 484 255 533 (Matth.
268 485 425 537 19,l2.)
436 484 555 526 Vani
568 491 671 525 sunt
684 491 806 526 certe
821 499 976 527 omnes
994 486 1214 538 homines,
1228 488 1390 541 quibus

73 554 165 582 non
180 542 620 593 inestDeiscientia3
640 555 724 583 nec
738 542 792 583 de
810 544 883 592 iis,
897 556 1010 596 quae
1028 544 1239 584 n'dentur
1256 545 1392 595 bona,

72 603 319 652 potuerunt
349 599 554 639 invenire
588 611 709 650 eum,
747 599 822 653 qui
857 605 939 639 est.
998 600 1053 639 At
1077 612 1163 653 ego
1187 600 1277 640 iam
1300 613 1392 640 non

76 667 197 696 eram
213 656 259 695 in
277 655 358 694 illa
374 655 589 695 vanitate.
651 655 1068 695 Transscenderam
1088 668 1200 705 eam,
1221 661 1266 696 et
1285 668 1390 696 con-

70 716 270 751 testante
289 711 503 751 universa
520 716 730 751 creatura
747 718 845 761 tua,
869 712 1131 751 inveneram
1147 717 1193 751 te
1216 716 1390 752 creato-

71 780 167 807 rem
185 772 403 817 nostrum,
421 773 466 807 et
482 766 683 808 Verbum
698 772 826 806 tuum
844 768 960 821 apud
978 772 1023 807 te
1042 767 1202 817 Deum,
1220 773 1390 808 tecum-

73 836 158 877 que
196 822 320 876 [cum
353 823 526 876 Spiritu
558 821 740 876 sancto]
782 837 918 863 unum
950 823 1116 873 Deum,
1157 836 1237 877 per
1270 824 1392 877 quod

73 879 241 919 creasti
274 880 437 919 omnia.
498 879 581 919 Est
615 884 660 919 et
694 879 818 918 aliud
851 892 993 932 genus
1018 880 1279 933 impiorum,
1315 880 1392 933 qui

74 941 407 988 cognoscentes
422 934 583 985 Deum,
602 947 693 974 non
712 935 829 974 sicut
839 935 985 975 Deum
1004 936 1391 989 glorificaverunt,

73 998 151 1031 aut
184 991 355 1044 gratias
390 996 593 1045 egerunt.
654 991 703 1030 In
727 989 814 1031 hoc
838 1004 1018 1045 quoque
1041 992 1311 1041 incideram,
1347 998 1394 1031 et

75 1048 265 1088 dextera
295 1052 375 1087 tua
407 1047 609 1101 suscepit
632 1059 723 1097 me,
760 1053 804 1087 et
827 1047 932 1087 inde
958 1048 1158 1089 ablatum
1180 1048 1391 1102 posuisti,

72 1103 149 1144 ubi
177 1103 563 1153 convalescerem,
599 1105 704 1156 quia
727 1103 886 1144 dixisti
908 1102 1100 1144 homini:
1134 1117 1229 1144 ecce
1243 1103 1390 1158 pietas

75 1166 137 1200 est
158 1158 374 1212 sapientia
394 1160 507 1208 (Iob.
529 1159 595 1210 28,
616 1159 720 1210 28.),
743 1164 807 1200 et:
842 1159 933 1200 noli
948 1160 1049 1201 velle
1067 1159 1205 1200 videri
1220 1159 1390 1214 sapiens

75 1215 229 1264 (Prov.
249 1215 289 1266 3,
306 1217 389 1267 7.);
411 1215 616 1269 qnoniam
635 1215 836 1265 dicentes,
856 1229 899 1256 se
919 1229 1005 1256 esse
1022 1216 1251 1269 sapientes,
1270 1215 1395 1256 stulti

64 1271 189 1328 facti
209 1279 322 1311 sunt.
357 1272 506 1321 (Rom.
528 1274 564 1322 l,
585 1274 673 1323 22.)
729 1273 788 1312 Et
809 1273 1071 1313 inveneram
1102 1273 1191 1312 iam
1223 1273 1390 1312 bonam

74 1328 387 1382 margaritam,
427 1334 472 1368 et
503 1329 701 1368 venditis
736 1329 965 1379 omnibus,
1005 1340 1120 1383 quae
1160 1326 1389 1378 haberem,

77 1384 267 1424 emenda
284 1389 396 1433 erat,
417 1389 462 1424 et
480 1385 755 1424 dubitabam.

162 1440 209 1480 C.
234 1440 287 1480 ΙΙ.
348 1439 539 1480 Perrexi
563 1452 672 1493 ergo
693 1440 749 1479 ad
770 1439 1129 1494 Simplicianum,
1152 1445 1328 1492 patrem
1346 1441 1391 1479 in

75 1495 343 1549 accipienda
355 1496 591 1549 gratiatua
602 1502 710 1536 tunc
725 1497 930 1550 episcopi
944 1497 1185 1546 Ambrosii,
1200 1501 1245 1536 et
1259 1508 1391 1550 quem

73 1564 181 1592 vere
200 1557 249 1592 ut
267 1557 441 1605 patrem
460 1551 695 1606 diligebat.
756 1551 950 1594 Narravi
968 1553 1012 1593 ei
1031 1553 1247 1593 circuitus
1268 1564 1389 1593 erro·

71 1608 135 1648 ris
154 1608 257 1648 mei.
316 1608 401 1648 Ubi
421 1613 572 1648 autem
590 1610 959 1659 commemoravi,
977 1609 1149 1663 legisse
1167 1621 1237 1649 me
1258 1621 1391 1663 quos-

76 1664 178 1704 dam
194 1664 337 1705 libros
357 1663 719 1715 Platonicorum,
746 1677 859 1719 quos
877 1664 1143 1706 Victorinus
1164 1664 1390 1718 quondam

72 1719 231 1760 rhetor
261 1720 386 1761 urbis
419 1720 609 1770 Romae,
645 1733 777 1774 quem
799 1720 1105 1761 Christianum
1128 1720 1391 1761 defunctum

75 1789 176 1816 esse
210 1776 463 1826 audieram,
502 1778 549 1817 in
582 1777 795 1818 Latinam
825 1777 1028 1831 linguam
1058 1777 1389 1827 transtulisset,

74 1832 327 1887 gratulatus
347 1838 417 1872 est
432 1832 556 1884 mihi,
576 1834 696 1887 quod
714 1846 804 1874 non
820 1834 868 1873 in
885 1834 1077 1874 aliorum
1093 1832 1390 1888 philosopho-

71 1901 170 1928 rum
184 1888 355 1941 scripta
367 1889 645 1939 incidissem,
655 1890 791 1942 plena
802 1889 1086 1930 fallaciarum
1100 1894 1146 1930 et
1160 1889 1390 1943 deceptio-

71 1958 176 1984 num
194 1945 442 1984 secundum
461 1945 686 1985 elementa
704 1944 836 1986 huius
853 1946 1026 1986 mundi:
1052 1947 1099 1986 in
1116 1946 1220 1986 istis
1239 1950 1391 1985 autem

77 2001 284 2041 omnibus
323 1999 472 2040 modis
508 2002 730 2042 insinuari
766 2002 914 2043 Deum
953 2008 999 2043 et
1037 2003 1133 2042 eius
1172 2000 1387 2042 Verbum.

74 2054 252 2096 Deinde
284 2062 335 2096 ut
357 2069 427 2096 me
453 2056 774 2098 exhortaretur
797 2058 854 2098 ad
876 2057 1179 2099 humilitatem
1204 2055 1388 2097 Christi.

75 2112 357 2165 sapientibus
391 2112 705 2154 absconditam
728 2119 773 2154 et
794 2115 1043 2154 revelatam
1064 2113 1286 2168 parvulis,
1313 2111 1389 2151 Vi-

76 2169 302 2208 ctorinum
333 2169 478 2222 ipsum
512 2170 779 2210 recordatus
804 2176 887 2220 est,
908 2183 1058 2224 quem,
1093 2170 1262 2209 Romae
1289 2180 1390 2207 cum

76 2229 213 2275 esset,
232 2224 587 2266 familiarissime
606 2232 815 2278 noverat3
848 2227 994 2281 deque
1012 2227 1092 2266 illo
1112 2223 1221 2266 mihi
1238 2235 1390 2264 narra·
