1514 2438
225 87 770 130 CONFESSIONUM
796 87 1013 141 LIBER
1041 86 1117 129 IV.
1287 89 1343 128 47

16 176 203 219 utilibus
216 173 524 216 necessariam
535 173 609 214 illi
620 173 813 215 vanitati
822 172 994 214 frustra
1010 173 1319 227 impenderem
1330 188 1341 224 ;

19 234 196 282 dicens,
221 232 288 271 ita
310 242 359 271 se
382 230 512 269 illam
539 230 781 280 didicisse,
806 236 858 271 ut
881 231 979 271 eius
1003 229 1344 283 professionem

17 289 175 343 primis
201 287 330 327 annis
357 286 522 326 aetatis
545 298 655 326 suae
681 286 863 327 deferre
888 287 1136 336 voluisset,
1164 298 1253 339 qua
1279 286 1344 326 vi-

14 352 107 386 tam
127 344 337 397 degeret3
365 347 411 382 et
428 342 468 382 si
483 342 816 396 Hippocratem
832 342 1156 392 intellexisset,
1177 347 1223 382 et
1237 342 1343 382 illas

17 401 173 454 utique
201 400 359 439 literas
385 399 592 452 potuisse
615 398 902 452 intelligere3
937 403 983 439 et
1003 404 1158 438 tamen
1175 410 1266 438 non
1287 398 1343 437 ob

18 458 155 496 aliam
170 467 353 496 causam
370 467 420 495 se
438 459 602 508 postea
617 455 712 495 illis
729 455 904 495 relictis
924 455 1197 494 medicinam
1215 454 1344 494 adse-

18 518 193 562 cutum,
212 511 301 551 nisi
319 511 441 564 quod
460 523 537 551 eas
555 510 829 551 falsissimas
850 511 1165 563 comperisset,
1186 515 1231 550 et
1249 510 1345 549 nol-

16 569 81 609 let
112 569 182 609 vir
214 568 367 621 gravis
403 567 687 620 decipiendis
720 565 981 607 hominibus
1015 567 1184 607 victum
1210 577 1345 619 quae-

15 636 132 664 rere.
194 625 282 673 „At
297 628 368 673 tu,
393 623 562 677 inquit,
583 636 670 677 quo
690 628 736 663 te
753 623 801 663 in
819 621 1078 662 hominibus
1098 627 1344 671 sustentas,

15 679 295 720 rhetoricam
325 685 477 731 tenes;
510 678 627 720 hanc
655 684 807 720 autem
829 678 1062 719 fallaciam
1084 678 1232 718 libero
1253 683 1344 717 stu·

19 737 118 787 dio,
139 748 229 776 non
252 736 529 776 necessitate
549 737 617 775 rei
633 734 875 777 familiaris
894 734 1110 784 sectaris3
1147 747 1235 787 quo
1254 746 1345 773 ma-

21 794 90 846 gis
113 791 226 832 mihi
243 796 288 832 te
309 797 494 846 oportet
512 792 566 832 de
584 792 667 831 illa
685 791 874 832 credere
888 822 899 841 ,
926 791 1002 844 qui
1019 803 1118 831 eam
1138 796 1229 830 tam
1246 802 1345 842 per-

20 849 141 889 fecte
174 848 351 888 discere
380 848 630 898 elaboravi,
657 861 790 901 quam
814 860 871 888 ex
895 860 950 888 ea
973 847 1074 887 sola
1097 847 1251 886 vivere
1270 858 1346 885 vo-

19 905 132 945 lui.“
161 905 197 944 A
231 916 319 957 quo
346 916 432 958 ego
462 917 564 959 cum
587 905 891 958 quaesissem,
927 915 1041 958 quae
1068 915 1207 942 causa
1234 913 1344 955 ergo

19 961 209 1010 faceret,
228 965 279 1000 ut
296 961 438 1000 multa
454 960 558 1001 inde
576 973 686 1001 vera
703 960 1126 1014 pronuntiarentur:
1158 970 1346 1011 respon-

21 1017 88 1057 dit
104 1017 204 1066 ille,
229 1021 280 1056 ut
295 1017 468 1069 potuit,
487 1017 577 1056 vim
597 1018 736 1057 sortis
756 1016 844 1056 hoc
861 1015 1017 1056 facere
1036 1016 1082 1056 in
1100 1027 1253 1054 rerum
1271 1026 1347 1053 na-

19 1079 122 1112 tura
145 1084 470 1126 usquequaque
493 1072 721 1114 diffusam.
782 1072 832 1113 Si
857 1072 977 1112 enim
996 1071 1050 1111 de
1069 1071 1250 1125 paginis
1269 1081 1347 1122 po-

23 1132 123 1169 etae
150 1129 404 1181 cuiuspiam
428 1129 566 1183 longe
587 1129 712 1169 aliud
730 1129 936 1169 canentis
956 1133 1091 1181 atque
1110 1126 1347 1167 intenden-

21 1185 101 1234 tis,
122 1198 223 1224 cum
240 1184 360 1225 forte
381 1185 481 1238 quis
497 1186 711 1236 consulit,
729 1185 1004 1226 mirabiliter
1023 1195 1254 1224 consonus
1272 1193 1348 1221 ne-

21 1241 150 1294 gotio
176 1253 314 1294 saepe
336 1253 496 1282 versus
523 1243 689 1282 exiret:
721 1241 975 1281 mirandum
995 1252 1085 1280 non
1105 1251 1207 1280 esse
1228 1239 1348 1279 dice·

19 1297 119 1346 bat,
145 1297 185 1337 si
210 1309 266 1337 ex
283 1298 434 1337 anima
452 1297 665 1348 humana,
695 1297 933 1350 superiore
954 1297 1107 1349 aliquo
1126 1296 1349 1336 instinctu

20 1353 254 1393 nesciente
280 1354 389 1405 quid
406 1354 452 1392 in
469 1366 518 1393 se
537 1354 689 1404 fieret,
715 1366 808 1393 non
825 1358 943 1402 arte,
971 1353 1053 1393 sed
1071 1356 1197 1391 sorte
1215 1362 1348 1391 sona-

19 1416 92 1449 ret
110 1408 296 1461 aliquffl,
317 1409 439 1461 quod
456 1410 785 1463 interrogantis
803 1409 937 1448 rebus
955 1408 1181 1460 factisque
1197 1406 1347 1447 conci-

20 1469 163 1506 neret.
196 1464 255 1504 Et
272 1463 359 1504 hoc
379 1465 561 1517 quidem
580 1465 634 1504 ab
653 1465 734 1505 illo
749 1465 823 1504 vel
840 1477 922 1517 per
941 1465 1068 1503 illum
1087 1461 1350 1515 procurasti

19 1519 144 1561 mihi.
204 1520 263 1560 Et
286 1521 394 1574 quid
415 1521 512 1574 ipse
532 1526 695 1574 postea
711 1533 793 1574 per
808 1533 879 1560 me
897 1521 1045 1573 ipsum
1064 1530 1347 1572 quaererem,

20 1578 67 1617 in
93 1577 314 1616 memoria
340 1589 442 1617 mea
468 1577 727 1618 delineasti.
788 1578 917 1617 Tunc
945 1582 1097 1616 autem
1122 1587 1206 1614 nec
1231 1574 1346 1627 ipse,

21 1645 105 1673 nec
139 1632 402 1673 carissimus
434 1645 562 1674 meus
594 1632 863 1683 Nebridius‚
898 1632 1170 1672 adolescens
1213 1629 1347 1670 valde

20 1689 168 1728 bonus
189 1693 234 1728 et
250 1689 381 1729 valde
402 1695 577 1739 cautus,
596 1689 793 1730 irridens
811 1694 959 1729 totum
975 1688 1091 1731 illud
1105 1686 1346 1729 divinatio-

21 1745 91 1785 nis
110 1757 268 1798 genus,
282 1745 560 1798 persuadere
578 1744 691 1787 mihi
706 1750 969 1799 potuerunt,
981 1750 1032 1785 ut
1049 1743 1164 1784 haec
1179 1742 1347 1782 abiice-

21 1813 138 1850 rem,
165 1802 379 1853 quoniam
403 1814 474 1842 me
498 1803 690 1856 amplius
714 1803 920 1855 ipsorum
939 1809 1178 1841 auctorum
1194 1810 1347 1839 move-

19 1857 100 1897 bat
110 1858 382 1907 auctoritas3
404 1858 630 1898 etnullum
641 1864 816 1899 certum
828 1858 960 1912 quale
977 1856 1252 1911 quaerebam
1268 1854 1347 1894 do-

24 1912 445 1954 cumentum-adhuc
461 1915 723 1955 inveneram
735 1946 745 1966 ,
772 1928 860 1969 quo
879 1913 990 1954 mihi
1008 1914 1106 1954 sine
1126 1910 1347 1964 ambigui·

22 1973 116 2009 tate
132 1968 389 2022 adpareret,
407 1983 522 2024 quae
537 1971 592 2011 ab
613 1972 678 2012 eis
699 1971 922 2012 consultis
940 1983 1050 2011 vera
1068 1969 1346 2014 dicerentur,

22 2023 144 2065 forte
165 2025 241 2065 vel
259 2031 406 2076 sorte,
433 2039 524 2066 non
550 2032 646 2068 arte
672 2029 986 2081 inspectorum
1010 2025 1212 2066 siderum
1238 2022 1344 2062 dici.

109 2081 156 2121 C.
183 2081 259 2123 lV.
319 2082 369 2122 In
401 2083 494 2122 illis
530 2085 681 2134 annis,
715 2097 802 2138 quo
835 2084 1029 2137 primum
1060 2087 1266 2134 tempore
1299 2077 1346 2117 in

24 2137 288 2190 municipio,
307 2151 395 2192 quo
417 2144 549 2179 natus
569 2154 682 2190 sum,
703 2141 869 2181 docere
891 2150 1147 2192 coeperam,
1168 2145 1346 2185 compa·
1398 2143 1406 2153 ⁶

24 2204 232 2234 raveram
264 2196 459 2236 amicum
491 2197 716 2238 societate
741 2196 998 2238 studiorum
1019 2193 1154 2234 nimis
1179 2201 1346 2238 carum,
