1514 2438
268 84 791 128 CONFESSIONUM
820 85 1023 127 LIBER
1051 85 1161 128 XII.
1298 86 1379 127 249

55 170 220 221 sensit,
246 170 369 226 quod
392 182 479 226 ego
504 170 625 213 dico.
686 170 736 212 Si
761 172 879 213 enim
901 171 1015 213 mihi
1032 172 1225 213 diceret:
1257 173 1378 213 unde

53 228 144 268 scis
177 226 265 267 hoc
297 228 496 269 sensisse
519 228 737 282 Moysen,
772 228 895 283 quod
926 229 982 269 de
1006 227 1077 269 his
1100 229 1252 269 verbis
1278 229 1377 270 eius

51 283 284 337 loqueris'}
315 296 461 339 aequo
486 285 635 324 animo
660 283 781 325 ferre
802 285 1037 337 deberem,
1065 290 1111 326 et
1128 285 1377 339 responde-

52 351 149 380 rem
169 338 391 391 fortasse,
416 352 530 395 quae
555 341 764 394 superius
783 341 1024 395 respondi,
1047 341 1121 382 vel
1139 342 1374 395 aliquanto

51 396 261 447 uberius,
296 397 338 437 si
361 402 486 438 esset
509 396 682 438 durior.
742 397 854 438 Cum
875 410 986 438 vero
1012 398 1143 439 dicit:
1175 411 1267 439 non
1290 396 1378 438 hoc

51 452 133 493 ille
149 454 312 503 sensit,
338 452 461 507 quod
483 458 531 494 tu
557 453 693 503 dicis,
717 454 800 494 sed
824 454 947 508 quod
965 466 1052 508 ego
1075 454 1199 506 dico;
1230 466 1379 508 neque

53 514 207 550 tamen
223 515 381 563 negat,
405 509 528 563 quod
547 515 736 564 uterque
755 515 963 551 nostrum
981 511 1114 561 dicit,
1135 515 1380 564 utrumque

52 577 212 606 verum
244 577 366 606 esse:
400 578 425 606 o
449 566 544 607 vita
567 578 831 619 pauperum,
855 566 982 608 Deus
1004 579 1153 617 meus,
1176 568 1225 608 in
1251 567 1380 608 cuius

55 621 159 661 sinu
180 633 272 662 non
299 626 369 664 est
394 623 720 673 contradictio,
744 623 849 676 plue
867 621 981 664 mihi
997 623 1313 677 mitigationes
1333 623 1383 663 in

56 689 157 727 cor,
188 682 239 718 ut
260 679 489 732 patienter
508 679 626 720 tales
653 678 819 730 feram,
854 679 931 735 qui
955 691 1046 720 non
1068 678 1181 720 mihi
1204 677 1293 720 hoc
1317 678 1382 719 di-

55 738 177 784 cunt,
190 734 297 788 quia
315 734 457 775 divini
474 740 593 786 sunt,
607 740 653 776 et
670 736 718 776 in
736 735 874 776 corde
893 735 1054 777 famuli
1070 736 1140 776 tui
1154 734 1383 786 viderunt,

56 789 179 843 quod
212 789 388 842 dicunt,
424 791 508 831 sed
543 792 650 845 quia
679 791 864 845 superbi
889 797 1017 843 sunt,
1048 803 1134 832 nec
1156 796 1386 832 noverunt

55 846 214 900 Moysi
236 847 530 898 sententiam,
565 848 647 888 sed
670 852 825 889 amant
850 861 996 899 suam,
1031 860 1124 889 non
1147 849 1254 902 quia
1275 859 1385 888 vera

57 907 147 953 est,
172 902 256 943 sed
278 904 385 956 quia
406 916 490 944 sua
507 909 590 945 est.
647 905 862 959 Alioquin
883 911 928 946 et
944 904 1081 946 aliam
1095 915 1250 945 veram
1266 904 1385 959 pari-

55 964 129 1000 ter
145 964 366 1009 amarent,
387 960 506 1000 sicut
525 972 612 1015 ego
632 973 756 1011 amo,
777 961 900 1014 quod
918 961 1089 1011 dicunt,
1108 960 1290 1015 quando
1310 972 1384 1001 ve-

54 1027 156 1055 rum
189 1015 365 1066 dicunt,
398 1028 491 1056 non
514 1018 620 1070 quia
641 1017 847 1071 ipsorum
872 1022 961 1068 est,
988 1018 1070 1058 sed
1094 1019 1203 1072 quia
1227 1029 1385 1059 verum

59 1076 148 1122 est;
182 1077 229 1113 et
244 1071 350 1112 ideo
369 1072 459 1112 iam
476 1085 561 1113 nec
575 1073 782 1127 ipsorum
799 1078 883 1125 est,
904 1074 1010 1128 quia
1025 1086 1184 1115 verum
1202 1078 1288 1115 est.
1336 1073 1386 1115 Si

56 1132 211 1169 autem
224 1128 331 1169 ideo
350 1133 503 1169 ament
519 1129 655 1181 illud,
683 1130 791 1185 quia
806 1142 962 1171 verum
981 1135 1072 1181 est,
1089 1131 1182 1173 iam
1200 1135 1248 1171 et
1261 1131 1385 1186 ipso-

57 1196 158 1225 rum
182 1188 252 1225 est
276 1190 322 1225 et
337 1196 488 1226 meum
506 1190 593 1237 est;
627 1186 843 1241 quoniam
859 1187 907 1227 in
925 1198 1165 1228 commune
1185 1187 1386 1227 omnium

56 1245 129 1281 est
150 1241 358 1281 veritatis
383 1246 651 1283 amatorum.
710 1242 827 1284 Illud
852 1247 1024 1292 autem,
1052 1243 1176 1297 quod
1199 1247 1385 1283 conten-

57 1295 189 1347 dunt,
212 1309 305 1337 non
330 1295 418 1337 hoc
437 1298 639 1338 sensisse
656 1298 879 1351 Moysen,
904 1298 1027 1352 quod
1046 1311 1132 1352 ego
1153 1298 1278 1348 dico,
1303 1298 1386 1339 sed

58 1353 183 1406 quod
208 1353 298 1406 ipsi
323 1352 499 1402 dicunt,
521 1353 653 1403 nolo,
677 1366 770 1394 non
795 1366 918 1405 amo;
953 1355 1060 1408 quia
1086 1358 1132 1395 et
1154 1354 1194 1394 si
1215 1354 1280 1394 ita.
1299 1360 1385 1405 est,

56 1413 210 1449 tamen
226 1410 317 1448 ista
333 1409 569 1449 temeritas
587 1421 679 1449 non
693 1409 931 1460 scientiae,
952 1409 1034 1450 sed
1052 1409 1273 1450 audaciae
1293 1415 1384 1463 est;

55 1476 143 1505 nec
159 1464 306 1513 visus,
327 1464 409 1504 sed
425 1463 594 1517 typhus
616 1477 713 1505 eam
732 1466 925 1519 peperit.
984 1466 1207 1519 Ideoque,
1225 1465 1384 1506 Domi-

56 1532 136 1570 ne,
159 1520 399 1560 tremenda
422 1526 528 1560 sunt
552 1521 724 1562 iudicia
747 1527 845 1570 tua,
873 1524 1089 1576 quoniam
1110 1522 1280 1563 veritas
1303 1528 1386 1563 tua

55 1587 142 1616 nec
174 1588 278 1616 mea
301 1580 391 1626 est,
425 1588 511 1616 nec
534 1577 659 1618 illius
687 1582 766 1617 aut
788 1578 939 1628 illius,
976 1579 1057 1619 sed
1082 1579 1281 1619 omnium
1303 1590 1383 1619 no·

57 1636 225 1682 strum,
258 1644 373 1686 quos
407 1632 466 1672 ad
498 1633 595 1674 eius
631 1634 996 1674 communionem
1019 1634 1202 1688 publice
1227 1647 1382 1685 vocas,

54 1688 329 1729 terribiliter
363 1688 613 1730 admonens
647 1702 751 1741 nos,
784 1694 836 1730 ut
866 1690 1064 1731 nolimus
1089 1703 1189 1731 eam
1211 1689 1382 1731 habere

53 1744 291 1797 privatam,
309 1756 364 1785 ne
383 1745 612 1798 privemur
630 1758 698 1787 ea.
756 1744 872 1786 Nam
891 1747 1095 1801 quisquis
1112 1746 1173 1797 id,
1193 1747 1316 1802 quod
1333 1752 1384 1787 tu

59 1800 268 1841 omnibus
303 1801 361 1841 ad
382 1800 622 1842 fruendum
646 1804 885 1856 proponis,
918 1803 1009 1843 sibi
1032 1804 1214 1857 proprie
1238 1803 1381 1843 vindi-

59 1860 153 1905 cat,
173 1860 219 1895 et
235 1869 365 1896 suum
382 1857 479 1897 vult
496 1869 620 1909 esse,
641 1859 763 1912 quod
782 1858 980 1898 omnium
998 1865 1087 1909 est,
1109 1872 1135 1899 a
1154 1858 1383 1900 communi

56 1911 331 1965 propellitur
349 1912 406 1952 ad
425 1925 520 1963 sua,
540 1912 629 1954 hoc
648 1921 731 1964 est,
747 1927 774 1954 a
790 1914 984 1955 veritate
1005 1916 1062 1956 ad
1080 1916 1380 1955 mendacium.

61 1967 152 2016 Qui
170 1967 290 2007 enim
306 1967 512 2020 loquitur
528 1970 828 2020 mendacium,
851 1970 906 2011 de
925 1983 1007 2012 suo
1026 1972 1243 2025 loquitur.
1294 1970 1380 2010 Ad-

59 2023 221 2074 tende,
254 2023 395 2064 iudex
420 2025 614 2077 optime,
635 2025 783 2076 Deus,
817 2027 919 2080 ipsa
940 2028 1134 2077 veritas,
1166 2025 1379 2074 adtende,

61 2079 171 2132 quid
208 2078 356 2120 dicam
394 2080 726 2123 contradictori
746 2081 873 2133 huic,
907 2082 1122 2133 adtende3
1157 2094 1310 2122 coram
1332 2086 1379 2121 te

62 2135 183 2174 enim
215 2134 342 2185 dico,
377 2140 423 2175 et
456 2148 609 2176 coram
641 2137 859 2178 fratribus
891 2140 1028 2188 meis,
1064 2138 1139 2191 qui
1172 2138 1379 2190 legi-time

60 2195 247 2233 utuntur
278 2191 383 2246 lege
416 2204 561 2247 usque
580 2192 636 2234 ad
662 2194 797 2235 finem
822 2194 1047 2245 caritatis;
1082 2193 1299 2243 adtende,
1335 2197 1382 2233 et
