1473 2443
53 94 106 132 72
371 94 652 137 AURELII
680 95 1066 140 AUGUSTINI

56 177 288 219 cardinem
309 179 530 221 desiderii
548 181 645 235 eius
659 212 669 231 ,
692 194 782 222 non
801 183 971 222 curasti
990 182 1112 236 quod
1129 185 1235 222 tune
1254 186 1379 234 pete-

55 234 155 284 bat,
185 239 234 274 ut
252 236 298 275 in
325 248 395 276 me
423 235 602 277 faceres
632 239 753 290 quod
779 251 957 291 semper
974 239 1173 292 petebat.
1233 237 1383 277 Flavit

55 294 231 338 ventus,
253 295 298 331 et
315 292 524 344 implevit
541 293 643 333 vela
660 301 831 344 nostra,
852 300 896 334 et
914 295 1041 334 littus
1062 293 1289 334 subtraxit
1307 293 1382 332 ad-

56 345 291 398 spectibus
309 348 499 388 nostris:
520 349 566 388 in
586 361 674 401 quo
694 361 825 389 mane
844 350 925 389 illa
942 350 1201 390 insaniebat
1221 349 1382 388 dolore

57 406 103 441 et
136 402 359 454 querelis,
391 415 443 444 ac
469 405 642 458 gemitu
668 405 888 458 implebat
925 418 1058 445 aures
1092 410 1193 445 tuas
1229 410 1382 444 conte-

54 457 252 497 mnentis
264 458 376 509 ista3
398 472 498 499 cum
513 465 558 500 et
568 472 638 500 me
656 461 980 514 cupiditatibus
993 462 1107 501 meis
1121 473 1307 514 raperes
1327 461 1384 500 ad

56 513 281 553 finiendas
302 514 426 567 ipsas
454 516 752 568 cupiditates,
781 522 827 556 et
844 517 970 557 illius
996 517 1178 557 carnale
1206 516 1383 556 deside-

56 569 175 608 rium
193 569 315 609 iusto
338 570 549 611 dolorum
567 571 753 625 flagello
775 573 1024 625 vapularet.
1057 572 1247 612 Amabat
1265 572 1386 611 enim

59 637 216 664 secum
238 627 546 678 praesentiam
570 640 717 668 meam
741 641 867 668 more
886 634 1079 670 matrum
1093 659 1103 678 ‚
1132 628 1213 669 sed
1227 627 1383 667 multis

55 681 200 720 multo
222 681 438 734 amplius,
466 688 512 723 et
525 684 783 733 nesciebat,
812 685 920 738 quid
943 689 993 724 tu
1015 684 1086 723 illi
1113 684 1384 737 gaudiorum

55 735 262 776 facturus
282 749 408 778 esses
429 738 483 779 de
504 739 712 779 absentia
729 752 847 781 mea.
902 739 1165 788 Nesciebat,
1184 739 1290 779 ideo
1307 738 1384 778 sse-

56 792 137 834 bat
147 796 192 832 et
208 792 422 843 eiulabat‚
435 802 569 848 atque
583 796 677 835 illis
689 796 966 835 cruciatibus
980 796 1258 849 arguebatur
1273 795 1320 834 in
1332 806 1386 835 ea

57 848 357 900 reliquiarum
381 850 523 901 Evae,
554 864 655 891 cum
676 852 851 905 gemitu
879 864 1103 905 quaerens
1133 852 1255 904 quod
1285 864 1386 891 cum

59 904 234 958 gemitu
258 912 513 957 pepererat.
574 907 633 947 Et
649 912 799 947 tamen
818 913 926 961 post
944 908 1285 947 accusationem
1304 905 1386 946 fal-

57 959 279 999 laciarum
300 966 345 1000 et
362 963 648 1003 crudelitatis
668 975 797 1003 meae
819 976 1040 1004 conversa
1057 975 1214 1003 rursus
1236 963 1293 1002 ad
1311 962 1385 1002 de-

56 1015 335 1068 precandum
354 1021 398 1056 te
419 1030 501 1071 pro
518 1031 604 1068 me,
627 1018 741 1058 abiit
761 1019 817 1059 ad
835 1019 989 1069 solita,
1011 1024 1057 1059 et
1075 1031 1161 1072 ego
1181 1019 1386 1058 Romam.

145 1070 193 1111 C.
220 1070 296 1112 ΙΧ.
355 1073 413 1112 Et
430 1086 553 1124 ecce,
571 1075 778 1127 excipior
794 1075 859 1115 ibi
876 1073 1062 1128 flagelio
1084 1074 1386 1128 aegritudinis

60 1128 339 1179 corporalis,
366 1133 413 1169 et
433 1129 556 1169 ibam
575 1130 633 1170 ad
651 1130 848 1181 inferos,
875 1136 1062 1183 portans
1084 1130 1235 1170 omnia
1251 1129 1386 1178 mala,

60 1194 174 1235 quae
186 1184 502 1225 commiseram
515 1191 560 1226 et
578 1187 625 1225 in
644 1190 687 1226 te
709 1192 754 1226 et
766 1187 813 1225 in
830 1199 901 1226 me
925 1192 970 1227 et
985 1187 1031 1226 in
1050 1186 1166 1225 alios
1183 1186 1325 1225 multa
1342 1190 1388 1225 et

60 1239 221 1292 gravia
238 1252 377 1292 super
398 1240 639 1295 originalis
656 1243 836 1295 peccati
849 1242 1077 1283 vinculum
1090 1271 1101 1291 ‚
1118 1253 1206 1295 quo
1229 1253 1385 1280 omnes

57 1294 107 1333 in
129 1294 271 1334 Adam
294 1296 528 1338 morimur.
588 1296 690 1337 Non
717 1298 836 1337 enim
863 1299 1108 1352 quidquam
1131 1308 1287 1336 eorum
1306 1296 1385 1336 mi-

55 1347 105 1388 hi
137 1349 390 1392 donaveras
418 1353 465 1393 in
490 1352 694 1403 Christo;
731 1365 815 1393 nec
843 1354 1047 1394 solverat
1074 1353 1154 1392 ille
1180 1353 1227 1392 in
1252 1364 1385 1392 cruce

57 1417 142 1445 sua
175 1406 461 1458 inimicitias,
498 1421 608 1462 quas
645 1414 798 1449 tecum
832 1414 1151 1450 contraxeram
1183 1409 1385 1462 peccatis

56 1461 187 1502 meis.
235 1462 476 1511 Quomodo
505 1465 624 1504 enim
643 1477 720 1505 eas
745 1466 949 1506 solveret
969 1466 1016 1505 in
1042 1477 1175 1504 cruce
1200 1462 1386 1517 phanta-

58 1517 240 1567 smatis,
268 1520 392 1572 quod
419 1520 475 1561 de
508 1521 590 1561 illo
613 1521 925 1561 credideram?
959 1521 1104 1569 Quam
1131 1532 1242 1573 ergo
1266 1519 1386 1559 falsa

56 1572 171 1613 mihi
194 1574 435 1616 videbatur
456 1588 580 1616 mors
607 1577 755 1616 carnis
784 1577 903 1627 eius,
928 1582 1020 1617 tam
1043 1588 1153 1615 vera
1171 1580 1270 1614 erat
1293 1576 1385 1614 ani-

56 1641 158 1669 mae
183 1641 333 1681 meae3
367 1636 414 1671 et
439 1644 574 1685 quam
590 1644 700 1672 vera
718 1637 818 1672 erat
834 1644 957 1672 mors
978 1631 1127 1672 carnis
1147 1631 1266 1680 eius,
1291 1635 1385 1670 tam

55 1683 178 1724 falsa
203 1685 298 1724 vita
322 1687 500 1726 animae
525 1699 677 1737 meae,
713 1700 827 1741 quae
851 1688 899 1727 id
921 1700 1013 1727 non
1037 1686 1266 1726 credebat.
1326 1686 1386 1726 Et

55 1741 484 1792 ingravescentibus
496 1741 810 1782 feb1·ibus«iam
827 1743 948 1782 ibam
967 1748 1013 1782 et
1029 1742 1245 1795 peribam.
1281 1741 1381 1791 Quo

59 1796 181 1836 enim
205 1796 340 1845 irem,
369 1798 409 1837 si
431 1802 540 1837 tunc
557 1796 662 1837 hinc
685 1798 879 1848 abirem,
906 1798 995 1838 nisi
1012 1798 1059 1837 in
1076 1798 1228 1851 ignem
1247 1802 1382 1851 atque

56 1856 288 1892 tormenta
307 1852 444 1906 digna
461 1852 595 1894 factis
614 1854 727 1894 meis
746 1854 793 1893 in
810 1854 1003 1894 veritate
1025 1853 1199 1894 ordinis
1218 1853 1310 1893 tui'}
1328 1853 1385 1893 Et

56 1907 141 1947 illa
165 1905 252 1947 hoc
277 1908 535 1958 nesciebat,
566 1914 613 1949 et
634 1914 785 1949 tamen
810 1922 890 1962 pro
917 1921 988 1949 me
1016 1909 1177 1949 orabat
1202 1909 1381 1949 absens.

59 1963 133 2003 Tu
165 1967 314 2003 autem
350 1964 518 2017 ubique
551 1977 791 2017 praesens,
831 1965 909 2005 ubi
944 1970 1061 2014 erat,
1105 1964 1383 2005 exaudiebas

60 2031 179 2058 eam:
213 2023 260 2058 et
281 2018 359 2058 ubi
377 2032 522 2070 eram,
548 2021 843 2061 miserebaris
862 2021 975 2071 mei,
999 2026 1049 2061 ut
1065 2032 1384 2073 recuperarem

59 2074 255 2115 salutem
267 2076 474 2128 corporis
490 2075 595 2126 mei,
609 2075 756 2116 adhuc
774 2077 960 2117 insanus
980 2075 1117 2116 corde
1137 2076 1382 2129 sacrilego.

57 2128 219 2182 Neque
254 2131 374 2172 enim
399 2131 718 2173 desiderabam
742 2132 789 2172 in
812 2133 893 2173 illo
919 2138 1047 2172 tanto
1074 2132 1279 2184 periculo
1306 2131 1383 2171 ba-

56 2186 273 2240 ptismum
289 2191 430 2240 tuum,
451 2192 498 2230 et
511 2187 677 2230 melior
694 2200 818 2229 eram
836 2200 963 2244 puer,
982 2187 1162 2242 quando
1181 2188 1310 2229 illum
1327 2187 1382 2229 de
