1473 2443
76 83 152 123 126
401 83 671 125 AURELII
698 84 1061 126 AUGUSTINI

73 168 129 209 do
181 173 227 209 et
270 167 525 221 gaudendo.
584 168 685 209 Hae
731 169 1005 223 rapientium
1042 181 1198 210 manus
1240 176 1383 213 erant.

155 224 203 264 C.
230 224 305 264 Ill.
365 223 490 264 Deus
521 224 662 274 bone,
699 226 806 277 quid
840 226 989 279 agitur
1020 225 1066 265 in
1098 224 1300 275 homine,
1334 232 1384 266 ut

70 280 170 343 plus
190 279 389 333 gaudeat
411 280 466 319 de
485 280 631 319 salute
651 280 917 334 desperatae
937 281 1134 331 animae,
1155 286 1201 321 et
1221 281 1275 321 de
1293 295 1382 321 ma-

71 347 169 375 iore
197 335 404 389 periculo
430 335 673 385 liberatae,
701 349 833 389 quam
856 337 895 376 si
917 349 1019 390 spes
1041 337 1085 376 ei
1106 348 1285 389 semper
1309 337 1383 376 ad-

70 391 251 440 fuisset,
270 396 348 430 aut
366 391 615 444 periculum
630 391 775 432 minus
794 391 982 432 fuisset&
1012 392 1191 432 Etenim
1207 398 1257 432 tu
1276 405 1382 444 quo-

72 458 180 500 que,
204 445 467 486 misericors
487 451 636 500 pater,
659 447 758 500 plus
778 447 948 500 gaudes
968 447 1021 487 de
1040 460 1129 487 uno
1149 449 1382 501 poeniten-

70 507 136 551 te,
163 514 295 555 quam
319 502 373 541 de
394 502 642 556 nonaginta
663 515 825 543 novem
847 503 999 552 iustis,
1026 502 1186 556 quibus
1206 515 1297 542 non
1315 509 1386 544 est

73 569 184 610 opus
216 558 511 612 poenitentia.
570 558 628 597 Et
658 570 741 598 nos
776 571 876 598 cum
907 571 1070 611 magna
1100 558 1383 598 iocunditate

71 613 294 663 audimus,
311 626 410 653 eum
424 613 645 663 audimus,
661 625 793 666 quam
811 614 1141 654 exsultantibus
1161 612 1380 667 [angelis]

70 669 270 721 pastoris
306 667 504 708 humeris
537 674 795 722 reportetur
829 669 947 719 ovis,
982 681 1096 722 quae
1131 675 1382 719 erraverat3

72 729 117 763 et
149 722 363 763 drachma
394 723 621 765 referatur
642 725 688 764 in
710 723 950 764 thesauros
972 730 1076 764 tuos
1102 725 1383 764 collaetanti-

69 780 152 819 bus
173 780 334 820 vicinis
351 780 546 829 mulieri,
566 792 680 833 quae
697 780 890 830 invenit3
920 785 965 819 et
983 780 1192 820 lacrimas
1212 781 1384 820 excutit

71 835 284 889 gaudium
300 835 603 875 solemnitatis
624 835 781 876 domus
800 840 920 885 tuae,
933 849 1034 876 cum
1055 835 1223 889 legitur
1239 836 1286 875 in
1304 836 1381 875 do-

71 903 143 930 mo
166 895 246 930 tua
263 891 317 930 de
335 892 510 930 minore
532 892 648 941 filio,
670 890 874 944 quoniam
891 898 1087 932 mortuus
1112 897 1227 939 erat,
1255 897 1298 931 et
1318 905 1382 931 re-

69 945 207 995 vixit;
229 945 446 999 perierat,
466 953 509 985 et
523 946 720 986 inventus
740 954 813 986 est.
837 946 966 996 (Luc.
990 947 1057 996 15,
1077 947 1164 997 32.)
1201 946 1382 986 Gaudes

70 1002 234 1056 quippe
248 1003 294 1042 in
308 1003 456 1051 nobis,
475 1007 519 1041 et
533 1003 579 1041 in
597 1003 771 1055 angelis
790 1005 878 1042 tuis
899 1008 1056 1042 sancta
1074 1003 1263 1042 caritate
1284 1015 1382 1042 san-

70 1057 170 1098 ctis.
229 1056 343 1097 Nam
360 1062 408 1097 tu
426 1070 604 1111 semper
618 1058 758 1107 idem,
779 1060 854 1111 qui
874 1070 945 1107 ea,
967 1070 1080 1111 quae
1099 1070 1188 1097 non
1207 1070 1383 1110 semper

69 1125 153 1153 nec
187 1113 347 1153 eodem
381 1113 515 1152 modo
537 1119 661 1161 sunt,
697 1114 858 1153 eodem
890 1114 1026 1153 modo
1061 1126 1238 1167 semper
1260 1114 1384 1152 nosti

73 1168 236 1208 onmia.
299 1168 415 1216 Quid
441 1181 550 1221 ergo
576 1169 725 1221 agitur
748 1170 793 1208 in
818 1169 986 1218 anima,
1019 1182 1119 1208 cum
1153 1169 1379 1222 amplius

70 1224 373 1264 delectatur
402 1225 636 1263 inventis
667 1229 755 1264 aut
779 1224 1004 1264 redditis
1034 1224 1213 1273 rebus,
1253 1237 1381 1277 quas

70 1280 273 1332 diligit,
298 1292 449 1332 quam
472 1279 517 1319 si
541 1291 627 1319 eas
647 1292 853 1332 semper
880 1279 1187 1320 habuisset'.l
1219 1279 1382 1318 Conte-

69 1340 245 1375 stantur
261 1335 380 1375 enim
400 1341 446 1375 et
464 1340 659 1385 caetera,
675 1341 720 1375 et
737 1336 871 1389 plena
888 1341 992 1375 sunt
1011 1336 1161 1376 omnia
1176 1335 1380 1374 testimo-

69 1391 156 1430 niis
190 1391 505 1431 clamantibus:
538 1391 603 1431 ita
635 1396 718 1432 est.
778 1390 1045 1444 Triumphat
1076 1392 1222 1431 victor
1244 1391 1381 1444 impe-

67 1452 212 1496 rator,
247 1451 292 1486 et
323 1459 413 1487 non
447 1447 646 1497 vicisset,
681 1447 769 1488 nisi
800 1447 1112 1500 pugnavisset3
1145 1451 1191 1486 et
1212 1451 1378 1500 quanto

69 1503 212 1542 maius
245 1503 496 1555 perieulum
518 1501 603 1542 fuit
625 1503 670 1542 in
694 1503 891 1556 proelio,
924 1507 1049 1542 tanto
1074 1507 1145 1542 est
1168 1502 1381 1555 gaudium

69 1558 212 1597 maius
232 1559 277 1597 in
295 1557 537 1612 triumpho.
575 1558 718 1598 Iactat
734 1563 982 1611 tempestas
1000 1559 1281 1611 navigantes,
1299 1558 1378 1596 mi-

70 1618 289 1666 naturque
305 1613 602 1667 naufragium,
615 1627 769 1654 omnes
784 1613 936 1653 futura
947 1618 1092 1653 morte
1107 1613 1373 1666 pallescunt.

66 1669 386 1726 tranquillatur
400 1670 577 1709 coelum
591 1676 636 1710 et
648 1682 783 1719 mare,
795 1674 840 1709 et
849 1669 1230 1717 exsultantnimis,
1241 1680 1379 1720 quon-

67 1725 158 1764 iam
179 1726 425 1764 timuerunt
449 1726 593 1765 nimis.
654 1727 800 1779 Aeger
824 1729 894 1764 est
911 1737 1062 1773 carus,
1087 1729 1132 1763 et
1148 1735 1263 1763 vena
1281 1724 1378 1763 eius

70 1780 235 1820 malum
265 1781 512 1831 renuntiat,
547 1793 722 1828 omnes,
757 1782 834 1833 qui
857 1792 958 1819 eum
981 1780 1151 1820 salvum
1177 1780 1376 1831 cupiunt,

71 1840 312 1888 aegrotant
334 1836 468 1875 simul
491 1838 659 1876 animo:
694 1837 744 1875 fit
767 1836 809 1875 ei
830 1841 974 1884 recte,
1000 1840 1044 1875 et
1068 1836 1266 1875 nondum
1290 1847 1377 1873 am-

68 1892 195 1931 bulat
209 1891 411 1944 pristinis
434 1891 620 1940 viribus,
646 1896 691 1931 et
707 1892 757 1931 fit
774 1892 860 1930 iam
879 1892 970 1930 tale
990 1891 1222 1944 gaudium,
1246 1890 1377 1943 quale

69 1960 160 1987 non
179 1946 279 1996 fuit,
301 1959 399 1986 cum
419 1951 550 1987 antea
567 1947 716 1987 salvus
737 1952 782 1986 et
798 1946 930 1986 fortis
950 1947 1212 1987 ambularet.
1270 1945 1377 1984 Eas-

72 2015 157 2057 que
182 2003 303 2056 ipsas
323 2003 578 2054 voluptates
598 2001 816 2043 humanae
835 2003 955 2042 vitae
975 2004 1111 2042 etiam
1129 2014 1216 2041 non
1234 2001 1377 2053 inopi-

72 2059 187 2099 natis
212 2063 257 2099 et
280 2063 459 2112 praeter
482 2058 761 2098 voluntatem
777 2059 1076 2107 irruentibus,
1104 2057 1184 2097 sed
1200 2056 1378 2096 institu-

73 2116 128 2155 tis
144 2120 189 2155 et
202 2114 469 2154 voluntariis
483 2114 706 2154 molestiis
722 2113 926 2154 homines
946 2114 1200 2167 adquirunt.
1232 2111 1378 2151 Eden-

72 2173 117 2212 di
144 2176 189 2211 et
211 2170 397 2212 bibendi
419 2170 628 2224 voluptas
651 2170 776 2210 nulla
799 2175 889 2220 est,
913 2170 1001 2210 nisi
1018 2167 1263 2223 praecedat
1280 2179 1377 2207 esu-
