1514 2438
227 123 754 168 CONFESSIONUM
788 123 991 166 LIBER
1018 122 1157 166 VIII.
1276 122 1354 164 139

30 227 119 269 quo
142 213 232 254 iam
251 212 418 267 exiguo
435 209 649 262 tenebar3
682 208 765 251 sed
780 208 973 251 tenebar
988 214 1155 250 tamen.
1213 207 1273 248 Et
1289 207 1354 247 in-

29 271 184 312 stabas
201 274 250 310 tu
267 269 314 308 in
333 267 525 308 occultis
541 267 672 317 meis,
688 266 902 317 Domine,
918 278 1078 307 severa
1095 265 1357 306 misericor-

31 327 122 377 dia,
138 325 324 379 flagella
337 324 623 378 ingeminans
640 323 821 363 timoris
840 326 887 363 et
900 322 1107 376 pudoris,
1121 333 1177 362 ne
1197 332 1356 361 rursus

33 394 284 431 cessarem,
314 385 360 421 et
376 392 468 420 non
486 379 834 433 abrumperetur
849 378 897 419 id
912 379 1058 432 ipsum
1078 378 1295 431 exiguum
1314 380 1361 416 et

31 445 185 488 tenue,
198 436 319 492 quod
329 442 630 487 remanserat3
653 441 699 475 et
707 435 1019 475 revalesceret
1031 435 1212 483 iterum,
1225 438 1271 473 et
1286 443 1358 472 me

30 494 267 535 robustius
293 492 535 546 adligaret.
595 491 818 532 Dicebam
843 491 961 531 enim
981 489 1101 544 apud
1118 501 1189 530 me
1207 490 1352 528 intus:

33 562 142 591 ecce
165 549 302 590 modo
326 549 425 597 fiat,
451 547 588 588 modo
615 548 708 588 flat.
767 547 827 587 Et
852 560 952 587 cum
972 546 1113 587 verbo
1131 546 1220 585 iam
1239 544 1362 584 ibam

31 607 79 646 in
102 605 333 660 placitum.
393 604 485 644 lam
502 616 646 657 paene
664 603 908 644 faciebam:
942 607 988 643 et
1003 615 1095 643 non
1112 600 1362 642 faciebam:

33 675 118 703 nec
136 661 378 702 relabebar
395 665 547 701 tamen
567 661 613 700 in
630 661 844 713 pristina,
870 659 951 699 sed
971 658 1025 698 de
1043 657 1252 712 proximo
1273 661 1362 696 sta-

32 718 157 768 bam,
185 722 231 758 et
251 716 549 771 respirabam.
609 717 668 757 Et
687 717 798 756 item
817 715 1037 765 conabar,
1066 719 1112 754 et
1128 713 1264 768 paulo
1283 712 1363 752 mi-

33 788 118 815 nus
135 774 199 814 ibi
219 786 356 824 eram,
375 778 421 813 et
436 772 573 826 paulo
593 773 741 813 minus
760 772 850 812 iam
869 772 1049 824 iamque
1070 768 1365 823 adtingebam

37 835 84 871 et
104 830 339 880 tenebam3
374 833 419 868 et
447 841 538 869 non
561 829 627 869 ibi
653 841 799 878 eram,
830 840 914 868 nec
941 826 1254 880 adtingebam,
1280 834 1366 864 nec

33 887 263 935 tenebam,
284 884 518 925 haesitans
537 886 655 925 mori
671 885 825 933 morti,
846 889 892 924 et
908 884 1030 924 vitae
1048 883 1225 932 vivere3
1245 880 1366 933 plus-

37 955 124 996 que
143 943 189 982 in
207 954 279 981 me
298 940 482 981 valebat
501 941 703 981 deterius
721 940 948 990 inolitum,
969 951 1101 993 quam
1119 937 1283 978 melius
1301 938 1366 976 in-

38 999 244 1040 solitum:
277 1002 583 1051 punctumque
607 998 755 1050 ipsum
776 996 1018 1049 temporis,
1047 1006 1135 1049 quo
1156 992 1278 1033 aliud
1299 990 1368 1032 fu-

37 1060 167 1094 turus
193 1066 336 1103 eram,
363 1058 530 1106 quanto
549 1054 737 1106 propius
757 1052 1106 1102 admovebatur,
1129 1054 1257 1090 tanto
1278 1060 1368 1088 am·

38 1111 235 1164 pliorem
268 1109 524 1149 incutiebat
558 1108 812 1149 horrorem.
875 1107 967 1149 Sed
995 1120 1087 1148 non
1109 1104 1369 1147 recutiebat

38 1172 186 1215 retro,
210 1180 293 1208 nec
320 1165 574 1217 avertebat3
607 1165 688 1205 sed
712 1164 1033 1218 suspendebat.
1094 1161 1372 1203 Retinebant

40 1234 189 1276 nugae
204 1234 424 1275 nugarum
440 1226 486 1261 et
501 1221 727 1262 vanitates
746 1221 1012 1270 vanitatum,
1030 1220 1242 1272 antiquae
1262 1216 1370 1257 ami-

43 1291 123 1319 cae
141 1289 291 1328 meae,
312 1282 358 1317 et
375 1277 698 1318 subcutiebant
714 1281 889 1317 vestem
905 1288 1054 1317 meam
1073 1286 1303 1323 carneam,
1324 1277 1371 1313 et

43 1333 491 1375 submurmurabant:
513 1333 765 1373 dimittisne
782 1332 894 1373 nos'e
919 1337 964 1372 et
981 1345 1007 1371 a
1024 1335 1255 1372 momento
1277 1329 1368 1369 isto

42 1403 134 1430 non
169 1392 336 1430 erimus
360 1393 511 1428 tecum
534 1389 654 1428 ultra
670 1389 717 1428 in
735 1387 995 1428 aeternum?
1028 1392 1073 1427 et
1091 1400 1116 1427 a
1136 1389 1368 1426 momento

43 1448 133 1486 isto
166 1458 258 1486 non
292 1444 375 1484 tibi
401 1444 560 1484 licebit
581 1443 668 1484 hoc
693 1450 739 1484 et
761 1444 876 1484 illud
899 1444 1020 1484 ultra
1040 1444 1087 1483 in
1111 1439 1371 1482 aeternum‘!

43 1503 102 1542 Et
134 1513 249 1555 quae
279 1500 589 1553 subgerebant
610 1500 656 1539 in
681 1512 758 1550 eo,
796 1499 918 1553 quod
942 1500 1038 1540 dixi
1059 1498 1148 1539 hoc
1172 1503 1217 1538 et
1239 1495 1370 1546 illud,

45 1570 160 1612 quae
194 1556 523 1610 subgerebant,
556 1555 683 1596 Deus
714 1555 869 1596 meus‘?
898 1556 1116 1596 Advertat
1140 1554 1194 1594 ab
1222 1552 1373 1593 anima

46 1614 166 1655 servi
197 1614 265 1653 tui
297 1612 618 1652 misericordia
648 1617 740 1652 tua.
804 1612 927 1660 Quas
962 1611 1122 1652 sordes
1155 1609 1371 1663 subgere-

41 1669 178 1710 bantCl
210 1681 325 1723 quae
360 1667 615 1708 dedecora&
644 1668 704 1708 Et
735 1668 976 1708 audiebam
1010 1680 1087 1708 eas
1116 1667 1209 1707 iam
1230 1666 1370 1718 longe

44 1727 213 1776 minus,
229 1738 359 1778 quam
379 1724 609 1774 dimidius,
624 1737 714 1764 non
731 1729 961 1778 tamquam
978 1724 1123 1764 libere
1144 1721 1371 1763 contradi-

46 1787 202 1823 centes
223 1781 372 1821 eundo
391 1781 437 1820 in
458 1781 651 1830 obviam,
672 1781 754 1821 sed
771 1781 912 1821 veluti
933 1793 959 1820 a
977 1780 1115 1820 dorso
1128 1778 1371 1820 mussitan-

44 1844 132 1888 tes,
149 1844 194 1877 et
212 1837 522 1878 discedentem
538 1837 669 1890 quasi
685 1836 841 1877 furtim
860 1836 1145 1886 vellicantes,
1162 1840 1212 1875 ut
1227 1833 1371 1886 respi-

48 1906 212 1935 cerem.
262 1893 573 1933 Retardabant
594 1899 747 1933 tamen
766 1898 1054 1933 cunctantem
1071 1904 1143 1932 me
1162 1890 1370 1944 abripere

55 1956 191 2004 atque
210 1954 424 1989 excutere
441 1948 495 1987 ab
514 1950 579 1988 eis
601 1954 647 1989 et
659 1949 915 1989 transsilire
932 1961 1020 2003 quo
1038 1947 1254 1996 vocabar,
1272 1957 1373 1985 cum

45 2006 224 2047 diceret
240 2003 351 2044 mihi
369 2005 651 2045 consuetudo
671 2005 894 2045 violentax
926 2012 1134 2058 putasne,
1154 2004 1253 2044 sine
1271 2001 1373 2041 istis

48 2061 251 2116 poteris?
284 2060 373 2101 Sed
398 2061 487 2099 iam
512 2061 799 2113 tepidissime
828 2060 916 2101 hoc
935 2061 1131 2102 dicebat.
1189 2057 1374 2110 Aperie-

50 2118 185 2157 batur
218 2117 337 2157 enim
371 2115 425 2155 ab
452 2127 506 2154 ea
532 2122 683 2168 parte,
719 2130 807 2171 qua
829 2117 1113 2157 intenderam
1136 2114 1303 2156 faciem
1329 2117 1376 2151 et

54 2186 142 2228 quo
160 2173 354 2213 transire
375 2172 671 2225 trepidabam,
688 2178 814 2213 casta
831 2174 1028 2227 dignitas
1048 2169 1372 2216 continentiae,

57 2241 220 2270 serena
237 2235 283 2270 et
299 2241 389 2268 non
408 2227 631 2269 dissolute
650 2227 830 2280 hilaris,
858 2227 1049 2270 honeste
1067 2227 1306 2269 blandiens
1324 2230 1375 2264 ut
