1473 2443
70 120 150 162 166
399 113 671 159 AURELII
698 113 1069 158 AUGUSTINI

71 216 228 246 omnes
259 202 504 255 languores
527 199 680 241 meos?
710 198 948 241 Curiosum
971 211 1113 255 genus
1137 198 1193 240 ad
1217 209 1384 253 cogno-

71 259 286 302 scendam
301 258 441 298 vitam
458 256 673 306 alienam,
697 255 976 297 desidiosum
994 256 1051 296 ad
1069 255 1386 309 corrigendam

74 328 215 357 suam.
275 312 396 363 Quid
418 324 444 352 a
459 324 530 352 me
549 316 771 365 quaerunt
787 311 965 361 audire,
991 311 1068 365 qui
1085 311 1189 361 sim,
1213 312 1290 364 qui
1307 322 1386 350 no-

74 373 173 412 lunt
194 381 221 410 a
242 374 287 410 te
312 368 468 409 audire
481 398 493 418 ,
517 368 594 421 qui
611 367 724 407 sinti
753 367 811 407 Et
827 367 944 407 unde
964 367 1132 416 sciunt,
1157 379 1257 407 cum
1274 378 1301 406 a
1315 378 1386 406 me

74 429 175 481 ipso
199 426 254 466 de
278 436 350 466 me
371 425 473 478 ipso
498 422 705 473 audiunt,
738 435 794 463 an
814 435 972 466 verum
997 423 1161 472 dicam,
1187 422 1387 475 quando-

76 482 258 537 quidem
280 492 413 521 nemo
438 479 526 520 scit
546 477 798 529 hominum,
823 479 930 533 quid
948 483 1110 532 agatur
1126 478 1172 517 in
1191 477 1387 526 homine,

75 539 167 579 nisi
188 537 374 591 spiritus
396 533 613 585 hominis,
639 535 713 587 qui
737 534 784 574 in
808 534 906 588 ipso
932 534 1025 574 est'!
1057 533 1105 575 Si
1127 538 1278 574 autem
1301 537 1387 572 ate

76 594 264 635 audiant
295 592 350 633 de
383 603 431 632 se
449 591 582 645 ipsis,
614 602 705 630 non
735 595 949 644 poterunt
970 589 1142 629 dicere:
1174 589 1390 629 mentitur

75 650 313 694 Dominus,
375 647 495 696 Quid
517 651 588 687 est
610 646 729 687 enim
750 658 777 685 a
797 650 841 686 te
862 646 1019 686 audire
1039 644 1093 685 de
1113 657 1183 694 se,
1207 645 1298 684 nisi
1316 656 1388 684 co-

78 716 300 761 gnoscere
320 703 393 743 se‘!
426 702 536 751 Quis
567 712 704 755 porro
730 701 970 755 cognoscit
993 705 1039 741 et
1064 700 1193 741 dicit:
1225 699 1389 740 falsum

79 766 169 812 est,
187 760 276 801 nisi
292 760 389 813 ipse
407 756 678 798 mentiatur'!
709 755 800 798 Sed
819 757 923 810 quia
939 756 1106 798 caritas
1126 755 1277 796 omnia
1294 766 1388 795 cre-

79 817 168 866 dit,
199 816 320 856 inter
344 826 422 855 eos
445 814 626 867 utique,
659 825 771 866 quos
796 824 1026 854 connexos
1051 812 1233 852 sibimet
1252 823 1390 850 unum

77 873 209 922 facit,
237 883 322 924 ego
348 881 548 923 quoque,
570 868 785 918 Domine,
811 870 947 909 etiam
965 868 1030 908 sic
1046 867 1133 909 tibi
1151 866 1389 915 confiteor,

78 933 129 968 ut
141 927 326 967 audiant
340 924 562 974 homines,
578 925 739 977 quibus
755 924 1066 964 demonstrare
1081 935 1171 963 non
1188 934 1388 976 possum,

78 997 136 1023 an
152 993 260 1023 vera
277 981 515 1030 confitear,
534 980 614 1020 sed
632 980 821 1020 credunt
836 978 960 1030 mihi,
981 990 1170 1032 quorum
1186 975 1298 1018 mihi
1316 989 1390 1017 au-

76 1051 151 1079 res
172 1038 338 1078 caritas
359 1037 515 1090 aperit.
552 1035 723 1077 Verum
742 1040 893 1075 tamen
908 1040 972 1085 tu,
991 1034 1165 1075 medice
1183 1045 1310 1074 meus
1326 1033 1391 1072 in·

78 1096 203 1143 time,
223 1105 310 1147 quo
329 1092 480 1132 fructu
495 1091 587 1131 ista
602 1089 782 1140 faciam,
802 1091 953 1143 eliqua
970 1088 1093 1130 mihi.
1153 1088 1267 1129 Nam
1285 1100 1391 1128 con-

77 1149 305 1191 fessiones
352 1148 701 1201 praeteritorum
737 1146 961 1186 malorum
998 1156 1201 1185 meorum
1215 1175 1226 1195 ,
1275 1155 1388 1198 quae

77 1204 298 1246 remisisti
320 1209 365 1243 et
385 1202 562 1252 texisti,
595 1206 646 1242 ut
667 1201 830 1242 beares
852 1202 986 1242 mein
1007 1205 1073 1251 te,
1096 1205 1274 1240 mutans
1298 1199 1390 1238 ani-

78 1274 197 1301 mam
217 1272 363 1300 meam
385 1258 473 1298 fide
497 1262 543 1298 et
565 1264 847 1298 sacramento
870 1262 973 1307 tuo,
998 1269 1098 1297 cum
1116 1256 1330 1309 leguntur
1346 1259 1392 1294 et

80 1317 343 1365 audiuntur,
363 1315 562 1355 excitant
579 1325 678 1364 cor,
695 1324 751 1354 ne
777 1313 973 1353 dormiat
990 1312 1037 1352 in
1055 1311 1390 1365 desperatione,

82 1378 128 1412 et
153 1371 291 1412 dicat:
322 1383 413 1410 non
437 1382 640 1423 possum;
672 1368 754 1409 sed
779 1368 967 1422 evigilet
981 1368 1028 1408 in
1047 1379 1199 1408 amore
1217 1367 1391 1407 miseri-

81 1427 268 1468 cordiae
291 1431 419 1475 tuae,
444 1430 490 1465 et
512 1425 751 1471 dulcedine
775 1425 950 1479 gratiae
973 1429 1098 1474 tuae,
1124 1435 1211 1477 qua
1227 1426 1389 1475 potens

82 1489 152 1524 est
172 1482 316 1524 omnis
333 1482 550 1529 infirmus,
574 1481 650 1533 qui
668 1481 757 1521 sibi
773 1492 853 1534 per
869 1481 1012 1533 ipsam
1030 1479 1080 1519 fit
1098 1479 1307 1519 conscius
1324 1477 1390 1516 in-

80 1538 306 1579 firmitatis
326 1549 450 1578 suae.
508 1536 572 1576 Et
589 1535 825 1577 delectat
848 1536 1015 1577 bonos
1039 1534 1222 1575 audire
1245 1544 1388 1588 prae-

80 1595 237 1634 terita
273 1592 408 1633 mala
445 1603 645 1642 eorum,
684 1592 773 1646 qui
807 1592 908 1631 iam
947 1595 1130 1632 carent
1159 1590 1255 1639 eis,
1294 1599 1389 1628 nec

79 1650 201 1690 ideo
234 1649 493 1698 delectat,
527 1648 651 1701 quia
677 1647 813 1688 mala
841 1651 980 1696 sunt,
1011 1645 1103 1685 sed
1132 1645 1251 1698 quia
1277 1642 1388 1683 fue-

78 1710 216 1755 runt,
256 1710 307 1744 et
344 1716 445 1744 non
483 1708 616 1744 sunt.
677 1703 777 1751 Quo
811 1703 964 1755 itaque
995 1700 1165 1750 fructu,
1193 1699 1387 1740 Domine

79 1773 227 1810 meus,
261 1760 334 1800 cui
360 1759 561 1812 quotidie
586 1759 828 1799 confitetur
850 1756 1132 1797 conscientia
1153 1767 1274 1804 mea,
1310 1766 1388 1808 spe

78 1815 421 1856 misericordiae
452 1819 558 1855 tuae
591 1814 816 1862 securior,
850 1824 981 1866 quam
1008 1811 1270 1851 innocentia
1292 1822 1387 1859 sua,

80 1884 168 1925 quo
186 1870 356 1919 fructu,
377 1881 567 1923 quaeso,
588 1870 725 1909 etiam
743 1867 998 1908 hominibus
1019 1879 1168 1906 coram
1186 1871 1231 1905 te
1252 1866 1387 1906 confi-

79 1933 181 1967 teor
191 1937 271 1980 per
289 1924 367 1964 has
386 1925 559 1974 literas,
572 1923 718 1964 adhuc
737 1924 835 1976 quis
855 1935 941 1976 ego
957 1923 1054 1971 sim,
1067 1935 1157 1962 non
1176 1922 1275 1974 quis
1291 1919 1388 1959 fue·

77 1981 186 2025 rim?
215 1980 328 2022 Nam
345 1980 473 2020 illum
489 1979 685 2020 fructum
703 1978 808 2028 vidi,
827 1984 872 2018 et
889 1977 1250 2018 commemoravi.
1297 1974 1387 2016 Sed

80 2039 178 2092 quis
204 2035 349 2077 adhuc
371 2035 476 2085 sim,
502 2047 607 2075 ecce
632 2035 679 2075 in
699 2035 801 2088 ipso
825 2039 1030 2087 tempore
1050 2031 1387 2073 confessionum

78 2105 298 2142 mearum,
331 2095 378 2132 et
407 2091 538 2131 multi
560 2089 647 2130 hoc
668 2102 805 2130 nosse
831 2091 1032 2142 cupiunt,
1062 2088 1137 2141 qui
1158 2099 1227 2127 me
1251 2098 1386 2126 nove-

78 2155 196 2199 runt,
210 2153 255 2188 et
271 2160 361 2188 non
380 2159 450 2187 me
469 2150 704 2195 noverunt,
716 2146 791 2198 qui
809 2158 865 2185 ex
878 2158 948 2185 me
962 2146 1034 2185 vel
1049 2144 1102 2183 de
1121 2156 1191 2183 me
1215 2141 1386 2195 aliquid

83 2206 337 2246 audierunt.
399 2202 488 2244 Sed
511 2202 632 2242 auris
657 2213 813 2243 eorum
836 2213 925 2241 non
948 2206 1018 2241 est
1042 2199 1098 2239 ad
1124 2210 1385 2246 cormeum,
