1514 2438
319 173 843 218 CONFESSIONUM
873 172 1075 214 LIBER
1108 171 1191 213 IX.
1338 173 1410 211 147

94 269 306 305 tortuosa
329 274 431 301 mea
455 260 700 310 direxeris,
738 264 783 299 et
806 272 969 313 aspera
989 257 1198 310 lenieris3
1231 271 1412 313 quoque

94 319 231 360 modo
256 319 402 372 ipsum
427 319 563 357 etiam
582 316 789 369 Alypium
815 315 1004 355 fratrem
1024 315 1175 357 cordis
1204 315 1294 356 mei
1311 315 1413 354 sub-

97 375 248 430 egeris
266 374 437 414 nomini
455 373 681 426 unigeniti
697 372 777 421 tui,
797 371 983 412 Domini
1003 378 1047 411 et
1065 368 1318 413 salvatoris
1336 382 1415 410 no-

98 433 181 472 stri
195 431 297 470 Iesu
314 428 495 478 Christi,
512 429 632 482 quod
648 429 792 481 primo
809 427 1142 481 dedignabatur
1161 428 1298 468 inseri
1315 427 1417 466 lite-

98 489 161 528 ris
201 487 384 527 nostris.
443 485 593 538 Magis
620 486 738 525 enim
762 496 838 524 eas
862 484 1050 524 volebat
1087 485 1299 525 redolere
1338 495 1418 536 gy-

98 544 372 584 mnasiorum
392 542 570 590 cedros,
583 553 693 593 quas
709 541 798 580 iam
811 541 1273 590 contrivitDominus,
1288 551 1421 594 quam

100 600 305 640 salubres
331 597 494 637 herbas
520 598 860 637 ecclesiasticas
880 596 1096 638 adversas
1116 595 1420 650 serpentibus.

103 656 224 704 Quas
244 654 343 703 tibi,
362 653 486 693 Deus
506 666 649 702 meus,
671 666 808 693 voces
827 653 946 702 dedi,
967 666 1067 694 cum
1085 654 1287 707 legerem
1304 650 1422 706 psal·

99 724 199 752 mos
217 710 386 759 David,
418 711 596 749 cantica
620 709 794 759 fidelia,
823 715 867 749 et
893 722 1032 751 sonos
1056 711 1243 763 pietatis
1271 707 1423 749 exclu-

103 768 263 807 dentes
288 766 519 819 turgidum
544 766 766 819 spiritum,
800 765 926 805 rudis
952 767 998 806 in
1026 778 1242 820 germano
1269 775 1423 804 amore

101 830 198 873 tuo,
215 821 566 863 catechumenus
585 822 631 860 in
650 821 773 871 villa,
795 834 894 861 cum
913 821 1240 862 catechumeno
1262 820 1423 874 Alypio

101 879 316 926 feriatus,
334 883 476 917 matre
497 876 772 917 adhaerente
792 878 923 917 nobis
943 878 1154 918 muliebri
1172 876 1344 925 habitu,
1363 875 1426 915 ri-

101 936 179 975 rili
197 935 300 984 fide,
319 934 430 974 anili
447 934 708 983 securitate,
727 939 932 974 materna
951 936 1154 984 caritate,
1169 932 1429 973 Christiana

103 991 294 1044 pietate!
330 990 451 1038 Quas
483 989 569 1029 tibi
600 1002 737 1029 voces
763 990 923 1030 dabam
948 991 995 1031 in
1019 991 1204 1044 psalmis
1228 989 1345 1038 illis,
1383 993 1429 1027 et

106 1045 334 1100 quomodo
353 1047 399 1085 in
417 1051 462 1085 te
480 1044 791 1085 inflammabar
811 1058 866 1086 ex
885 1048 965 1097 eis,
983 1053 1029 1087 et
1046 1046 1329 1087 accendebar
1348 1056 1428 1084 eos

104 1105 325 1152 recitare,
358 1103 398 1142 si
430 1114 632 1154 possem,
666 1107 765 1142 toto
795 1102 904 1142 orbe
930 1108 1177 1153 terrarum,
1210 1102 1429 1142 adversus

104 1157 295 1212 typhum
318 1159 499 1211 generis
520 1156 721 1198 humani!
754 1158 812 1198 Et
828 1164 979 1199 tamen
996 1164 1095 1199 toto
1120 1159 1229 1199 orbe
1250 1163 1429 1198 cantan-

104 1222 192 1264 tur,
214 1220 259 1254 et
276 1227 366 1254 non
386 1219 469 1263 est,
492 1214 565 1267 qui
585 1226 632 1253 se
654 1214 906 1255 abscondat
924 1229 949 1256 a
968 1215 1121 1256 calore
1139 1221 1235 1255 tuo.
1286 1214 1429 1262 Quam

105 1269 365 1311 vehementi
389 1275 433 1309 et
448 1271 543 1309 acri
569 1269 729 1309 dolore
756 1271 1027 1324 indignabar
1043 1269 1350 1319 Manichaeis3
1385 1275 1430 1309 et

105 1328 356 1367 miserabar
375 1338 455 1366 eos
474 1338 651 1375 rursus,
679 1327 801 1378 quod
818 1327 899 1367 illa
916 1332 1219 1376 sacramenta,
1244 1326 1323 1365 illa
1340 1337 1430 1364 me·

108 1384 366 1423 dicamenta
387 1382 640 1431 nescirent,
667 1388 711 1421 et
732 1383 882 1422 insani
905 1388 1058 1423 essent
1082 1383 1299 1422 adversus
1319 1383 1432 1420 anti-

109 1440 278 1485 dotum,
310 1451 397 1491 quo
424 1438 521 1476 sani
542 1449 642 1476 esse
662 1439 940 1489 potuissent!
972 1438 1172 1488 Vellem,
1196 1443 1247 1477 ut
1264 1436 1433 1477 alicubi

107 1496 236 1534 iuxta
250 1499 403 1534 essent
414 1499 534 1541 tunc,
551 1499 610 1541 et,
625 1505 694 1532 me
713 1496 948 1534 nesciente
962 1495 1082 1548 quod
1100 1494 1165 1534 ibi
1184 1497 1351 1543 essent,
1369 1494 1432 1532 in-

108 1555 346 1591 tuerentur
392 1549 555 1589 faciem
601 1561 744 1588 meam
785 1555 829 1589 et
867 1550 1078 1590 audirent
1117 1562 1251 1590 voces
1290 1561 1432 1596 meas,

109 1605 287 1659 quando
306 1606 398 1658 legi
418 1611 624 1658 quartum
645 1605 882 1658 psalmum,
901 1608 947 1646 in
966 1607 1045 1647 illo
1066 1613 1172 1646 tunc
1194 1606 1304 1654 otio,
1325 1604 1433 1658 quid

110 1663 164 1703 de
188 1674 257 1701 me
277 1660 441 1700 fecerit
456 1661 536 1700 ille
555 1662 769 1713 psalmus.
835 1661 942 1702 Cam
959 1663 1227 1712 invocarem,
1254 1660 1431 1701 exaudi·

108 1718 170 1759 vit
186 1731 250 1758 me
264 1715 384 1757 Deus
402 1716 597 1756 iustiliae
615 1730 754 1768 meae3
774 1717 819 1757 in
839 1718 1120 1758 tribulatione
1139 1716 1336 1758 dilatasti
1352 1716 1429 1756 mi-

109 1774 166 1814 hi.
201 1772 412 1813 NIiserere
430 1772 526 1821 mei,
548 1771 753 1823 Domine,
774 1781 816 1813 et
833 1774 991 1814 exaudi
1011 1773 1258 1815 orationem
1276 1786 1429 1813 meam.

112 1830 205 1880 (Ps.
225 1831 265 1878 4,
284 1832 345 1879 2.)
376 1829 611 1879 Audirent,
629 1830 868 1883 ignorante
883 1843 953 1871 me
969 1837 1119 1872 utrum
1134 1831 1358 1879 audirent,
1375 1841 1431 1870 ne

111 1899 180 1925 me
214 1891 400 1938 propter
427 1898 475 1924 se
499 1885 580 1925 illa
605 1886 758 1926 dicere
782 1892 1014 1938 putarent,
1041 1899 1155 1942 quae
1177 1889 1297 1928 inter
1318 1884 1431 1925 haec

112 1942 250 1981 verba
281 1941 492 1991 dixerim3
526 1941 630 1994 quia
655 1948 700 1982 et
716 1955 878 1983 revera
901 1956 984 1983 nec
1011 1956 1065 1984 ea
1091 1944 1312 1993 dicerem,
1346 1954 1430 1981 nee

110 1999 176 2038 sic
192 2009 246 2037 ea
261 1997 473 2045 dicerem,
490 1997 529 2037 si
541 2009 611 2036 me
628 1999 682 2038 ab
699 2000 764 2038 eis
783 2000 930 2039 audiri
945 2000 1180 2054 viderique
1200 2000 1432 2045 sentirem,

111 2066 194 2093 nec
218 2055 257 2094 si
281 2053 500 2102 dicerem,
535 2053 601 2093 sic
625 2055 904 2107 acciperent,
930 2056 1159 2110 quomodo
1184 2068 1361 2096 mecum
1390 2060 1436 2092 et

114 2109 223 2150 mihi
256 2122 408 2149 coram
439 2113 484 2148 te
510 2109 563 2149 de
592 2108 808 2151 familiari
832 2111 1016 2152 adfectu
1039 2113 1178 2152 animi
1202 2112 1306 2150 mei.
1367 2110 1433 2148 ln-

116 2165 273 2205 horrui
311 2164 537 2214 timendo,
582 2165 841 2220 ibidemque
885 2167 1085 2208 inferbui
1126 2165 1349 2220 sperando
1390 2169 1436 2204 et

117 2221 386 2261 exsultando
399 2223 536 2262 intua
553 2222 882 2274 misericordia,
894 2223 1046 2265 Pater.
1079 2224 1136 2263 Et
1154 2222 1267 2262 haec
1287 2221 1436 2261 omnia

118 2277 301 2318 exibant
331 2289 412 2331 per
437 2277 596 2317 oculos
619 2290 746 2319 meos
773 2284 818 2320 et
842 2292 1001 2321 vocem
1017 2292 1178 2354 menam'
1213 2290 1311 2318 cum
1331 2288 1434 2316 con-

1011 2335 1048 2356 1?
