1514 2438
298 49 820 93 CONFESSIONUM
849 51 1050 93 LIBER
1079 51 1188 93 XII.
1317 52 1395 92 231

82 140 153 176 est
175 133 287 175 haec
310 142 451 185 terra,
477 149 607 190 quam
634 143 788 190 porto,
816 142 865 176 tu
888 136 1057 177 fecisti.
1119 136 1209 178 Sed
1233 136 1309 177 ubi
1329 143 1399 177 est

83 192 262 232 coelum
295 191 433 241 coeli,
466 191 681 242 Domine,
716 192 770 232 de
806 206 893 246 quo
929 193 1181 233 audivimus
1215 193 1262 232 in
1284 205 1396 233 voce

81 247 256 287 Psalmi
277 247 396 297 (115,
419 246 523 298 16.):
557 248 719 288 coelum
746 248 856 288 coeli
877 246 1102 298 Domino;
1133 255 1296 289 terram
1320 262 1397 288 au-

81 310 167 343 tem
192 302 428 358 deditfiliis
453 302 701 344 leontinum?
730 304 815 344 Ubi
842 310 910 344 est
935 304 1134 354 coelum,
1162 304 1283 358 quod
1310 317 1399 344 non

83 359 329 409 cernimus,
365 360 437 399 cui
460 365 583 399 terra
608 367 678 400 est
701 359 787 401 hoc
813 373 964 410 omne,
1003 361 1123 414 quod
1151 360 1400 401 cernimus?

82 415 186 455 Hoc
212 417 330 455 enim
353 421 500 456 totum
527 428 815 470 corporeum,
845 429 935 456 non
959 416 1125 470 ubique
1143 423 1312 466 totum,
1335 417 1401 456 ita

81 471 259 523 accepit
271 472 469 525 speciem
486 471 717 525 pulchram
735 474 781 512 in
799 473 1075 523 novissimis,
1089 475 1215 513 cuius
1232 472 1400 513 fundus

83 532 152 567 est
168 532 290 567 terra
309 534 485 578 nostra3
521 528 602 568 sed
621 529 675 569 ad
692 528 806 568 illud
826 529 1002 569 coelum
1022 530 1142 569 coeli
1161 529 1297 569 etiam
1315 534 1403 569 ter-

81 594 159 623 rae
178 588 362 624 nostrae
388 584 566 625 coelum
589 590 714 624 terra
732 590 815 625 est.
876 586 933 625 Et
951 583 1037 625 hoo
1055 591 1294 639 utrumque
1311 597 1402 625 ma-

82 651 219 692 gnum
254 652 417 693 corpus
450 653 540 680 non
568 641 762 681 absurde
790 646 913 681 terra
937 646 1006 681 est
1030 641 1086 681 ad
1108 641 1223 681 illud
1246 642 1401 681 nescio

84 695 215 748 quale
236 696 428 745 coelum,
451 698 572 749 quod
589 696 786 737 Domino
808 703 890 748 est,
909 710 998 737 non
1016 697 1123 739 filiis
1142 696 1387 737 hominum.

167 751 312 792 C.111.
372 752 429 792 Et
460 753 670 793 nimirum
705 751 816 793 haec
851 761 970 794 terra
998 760 1095 794 erat
1114 752 1340 793 invisibilis
1364 759 1404 793 et

81 806 372 860 incomposita
398 808 531 857 (Gen.
554 810 590 858 l,
611 811 692 860 2.),
728 814 771 849 et
790 811 945 850 nescio
973 822 1087 862 quae
1114 808 1403 864 profunditas

84 863 260 916 abyssi,
287 875 423 917 super
449 877 581 918 quam
604 878 695 905 non
720 872 817 905 erat
834 866 930 916 lux,
958 866 1063 919 quia
1080 866 1205 906 nulla
1224 866 1402 919 species

84 925 183 959 erat
201 919 290 960 illi.
323 919 449 961 Unde
468 921 658 971 iussisti,
676 926 726 961 ut
745 922 1042 972 scriberetur,
1063 922 1184 976 quod
1203 921 1404 962 tenebrae

83 982 213 1015 erant
226 988 354 1029 super
371 975 596 1030 abyssum;
615 976 722 1030 quid
740 977 876 1028 aliud,
891 991 1020 1032 quam
1041 978 1155 1018 lueis
1175 977 1404 1019 absentia?

82 1031 166 1072 Ubi
189 1031 307 1071 enim
324 1031 403 1073 lux
422 1037 564 1083 esset,
585 1032 623 1072 si
643 1038 784 1084 esset,
804 1034 893 1074 nisi
911 1047 1045 1088 super
1065 1040 1189 1075 esset
1207 1035 1403 1075 eminen-

83 1087 140 1127 do
177 1094 222 1128 et
241 1088 539 1129 mustrando'e
569 1089 656 1129 Ubi
681 1101 790 1143 ergo
815 1090 895 1130 lux
915 1090 1113 1131 nondum
1147 1096 1263 1141 erat,
1298 1090 1405 1144 quid

85 1150 181 1183 erat
203 1143 365 1184 adesse
387 1144 622 1195 tenebras,
646 1146 737 1186 nisi
759 1146 920 1186 abesse
947 1146 1122 1187 lucemit
1154 1146 1300 1200 Super
1320 1148 1405 1187 ita-

84 1212 169 1253 que
187 1205 315 1240 erant
328 1200 563 1251 tenebrae,
579 1201 685 1255 quia
698 1201 776 1242 lux
794 1214 930 1255 super
945 1202 1116 1252 aberat,
1131 1205 1249 1243 sicut
1265 1214 1404 1242 sonus

82 1255 160 1296 ubi
177 1268 266 1296 non
286 1261 370 1306 est,
385 1257 617 1296 silentium
637 1261 718 1297 est.
777 1258 836 1297 Et
855 1258 962 1311 quid
980 1263 1050 1297 est
1068 1270 1168 1298 esse
1186 1258 1250 1298 ibi
1269 1258 1404 1298 silen-

81 1311 213 1361 tium,
246 1312 336 1351 nisi
358 1325 519 1352 sonum
542 1312 604 1352 ibi
630 1324 719 1352 non
746 1313 874 1353 esse'}
903 1312 1066 1353 Nonne
1089 1319 1157 1363 tu,
1190 1313 1404 1362 Domine,

85 1365 284 1407 docuisti
307 1365 421 1407 hanc
446 1368 659 1417 animam,
695 1381 809 1421 quae
832 1369 918 1409 tibi
941 1369 1212 1409 confitetur'!
1241 1368 1403 1410 Nonne

80 1428 151 1472 tu,
175 1422 390 1473 Domine,
417 1423 614 1463 docuisti
637 1436 730 1474 me,
756 1425 877 1478 quod
901 1426 1161 1478 priusquam
1183 1427 1317 1466 istam
1340 1425 1404 1464 in-

81 1479 276 1518 formem
300 1480 537 1519 materiam
563 1479 786 1521 formares
808 1486 941 1534 atque
962 1481 1289 1535 distingueres,
1313 1494 1401 1520 non

85 1542 183 1574 erat
201 1534 392 1588 aliquid,
419 1548 510 1575 non
529 1536 677 1586 color,
703 1549 793 1576 non
812 1537 976 1590 figura,
997 1550 1087 1577 non
1108 1550 1294 1590 corpus,
1313 1549 1402 1576 non

82 1591 294 1643 spiritus!
324 1591 425 1631 hon
444 1597 594 1631 tamen
616 1593 798 1633 omnino
818 1591 950 1644 nihi13
985 1600 1083 1634 erat
1101 1593 1323 1646 quaedam
1339 1593 1402 1632 in-

80 1645 289 1687 formitas
309 1648 405 1687 sine
425 1647 519 1687 ulla
537 1649 704 1701 specie.

167 1701 214 1742 C.
238 1702 312 1743 IV.
376 1703 496 1752 Quid
530 1716 640 1757 ergo
668 1709 930 1755 vocaretur,
965 1704 1085 1759 quod
1110 1706 1246 1745 etiam
1268 1717 1405 1745 sensu

84 1758 363 1799 tardioribus
389 1765 634 1813 utcumque
658 1761 991 1809 insinuaretur,
1014 1762 1103 1802 nisi
1126 1763 1298 1801 usitato
1325 1761 1404 1800 ali-

85 1825 173 1865 quo
200 1814 448 1854 vocabulo&
482 1815 602 1863 Quid
627 1822 778 1856 autem
794 1817 840 1856 in
859 1817 1066 1857 omnibus
1090 1817 1245 1857 mundi
1267 1817 1403 1870 parti-

82 1868 167 1908 bus
189 1870 383 1923 reperiri
406 1876 559 1922 potest
577 1872 875 1927 propinquius
893 1872 1167 1913 informitati
1186 1874 1403 1913 omnimo-

85 1924 190 1975 dae,
225 1938 357 1979 quam
387 1931 512 1965 terra
535 1933 580 1967 et
612 1928 829 1980 abyssus?
858 1928 1010 1969 Minus
1044 1930 1161 1969 enim
1194 1929 1404 1981 speciosa

85 1988 191 2021 sunt
214 1994 296 2034 pro
323 1994 404 2020 suo
431 1983 576 2034 gradu
598 1983 774 2034 infimo,
801 1997 932 2037 quam
957 1990 1140 2024 caetera
1165 1983 1404 2036 superiora

83 2037 321 2089 perlucida
356 2041 401 2076 et
431 2037 664 2078 luculenta
696 2042 860 2080 onmia.
922 2040 1011 2081 Cur
1036 2052 1145 2093 ergo
1172 2052 1262 2079 non
1286 2039 1401 2078 acci-

84 2091 205 2144 piam
225 2093 553 2132 informitatem
573 2097 811 2144 materiae,
837 2108 967 2149 quam
991 2096 1089 2135 sine
1109 2096 1261 2148 specie
1280 2093 1400 2134 fece-

84 2159 180 2198 ras,
204 2148 321 2189 unde
346 2148 604 2202 speciosum
628 2150 841 2192 mundum
857 2150 1056 2202 faceres,
1080 2152 1145 2191 ita
1164 2149 1398 2191 commode
