1514 2438
287 81 814 126 CONFESSIONUM
843 82 1046 124 LIBER
1074 82 1130 124 X.
1292 82 1370 123 183

52 179 202 213 utrum
225 171 271 210 in
293 169 514 210 memoria
537 168 596 208 sit
616 167 753 207 beata
771 168 877 208 vita.
937 166 1095 221 Neque
1117 168 1234 207 enim
1253 179 1370 207 ama-

51 241 203 269 remus
223 239 341 276 eam,
360 225 449 265 nisi
469 236 722 265 nossemus.
781 224 996 264 Audimus
1015 236 1178 264 nomen
1199 222 1306 273 hoc,
1327 227 1374 262 et

54 297 150 324 rem
183 284 329 337 ipsam
363 293 518 321 omnes
540 292 623 320 nos
651 279 866 332 adpetere
893 279 1107 330 fatemur3
1139 292 1230 319 non
1255 279 1373 319 enim

57 352 170 380 sono
197 338 490 379 delectamur.
549 335 664 376 Nam
684 333 772 375 hoc
790 349 889 375 cum
907 335 1070 375 Latine
1090 335 1217 375 audit
1236 334 1374 375 Grae-

59 409 157 445 cus,
191 407 282 434 non
307 393 580 441 delectatur,
614 392 719 444 quia
740 392 943 445 ignorat,
970 391 1077 444 quid
1102 391 1270 431 dictum
1296 391 1375 441 sit3

56 463 138 491 nos
157 455 306 490 autem
319 449 612 497 delectamur,
633 448 751 487 sicut
769 448 906 487 etiam
924 448 1019 497 ille,
1039 447 1077 487 si
1098 446 1272 487 Graece
1287 444 1377 486 hoc

59 506 272 556 audierit3
307 505 519 558 quoniam
553 515 626 543 res
660 503 761 557 ipsa
793 515 876 543 nec
906 503 1084 544 Graeca
1107 515 1190 542 nec
1212 501 1379 542 Latina

59 567 148 612 est,
173 561 245 602 cui
265 559 590 614 adipiscendae
611 559 776 599 Graeci
796 558 1039 613 Latinique
1059 557 1258 608 inhiant,
1279 569 1379 598 cae-

57 623 346 670 terarumque
395 616 652 670 linguarum
686 613 865 655 homine
876 628 909 655 s.
967 614 1090 655 Nota
1128 620 1199 654 est
1237 613 1380 667 igitur

61 673 283 722 omnibus,
297 672 402 726 quia
413 685 503 711 una
516 683 644 721 voce,
661 671 698 711 si
718 671 994 725 interrogari
1012 675 1216 724 possent,
1229 675 1379 709 utrum

57 729 181 769 beati
202 741 304 769 esse
323 728 507 777 vellent,
521 728 617 767 sine
637 727 730 767 ulla
749 726 1032 767 dubitatione
1056 726 1175 766 velle
1193 737 1380 779 respon-

60 786 235 826 derent.
298 784 430 833 Quod
450 796 538 822 non
557 783 700 833 fieret,
718 783 808 823 nisi
824 795 897 823 res
913 784 1027 837 ipsa,
1048 783 1175 823 cuius
1196 780 1283 821 hoc
1303 793 1378 820 no·

58 854 161 881 men
181 846 265 888 est,
289 852 446 880 eorum
464 840 685 878 memoria
702 844 951 879 teneretur.

145 896 191 936 C.
217 896 338 935 XXI.
400 894 628 947 Numquid
646 896 730 944 ita,
752 900 802 935 ut
819 895 1025 935 meminit
1042 892 1380 947 Carthaginem,

63 952 139 1005 qui
155 951 294 992 vidit&
322 950 439 992 Non.
498 951 606 991 Vita
625 951 742 990 enim
759 952 895 991 beata
913 963 1003 990 non
1021 951 1200 991 videtur
1219 948 1381 998 oculis,

63 1008 169 1061 quia
206 1020 297 1048 non
338 1012 409 1047 est
447 1019 626 1059 corpus.
686 1006 914 1060 Numquid
947 1007 1066 1047 sicut
1096 1005 1382 1046 meminimus

61 1062 300 1104 numeros'}
328 1062 444 1104 Non.
502 1062 603 1102 Hos
629 1062 745 1103 enim
766 1064 843 1116 qui
862 1061 1057 1103 habetin
1078 1062 1265 1111 notitia,
1291 1072 1383 1100 non

62 1119 209 1160 adhuc
233 1119 412 1173 quaerit
435 1118 646 1173 adipisci3
678 1119 817 1159 vitam
834 1131 943 1159 vero
964 1119 1146 1158 beatam
1164 1117 1382 1156 habemus

62 1177 109 1216 in
126 1175 517 1228 notitia‚ideoque
537 1187 736 1215 amamus
757 1187 870 1225 eam,
893 1180 938 1214 et
953 1180 1105 1215 tamen
1124 1172 1271 1213 adhuc
1290 1171 1382 1211 adi-

61 1232 179 1286 pisci
202 1244 301 1272 eam
323 1231 553 1281 volumus,
578 1236 627 1271 ut
649 1231 770 1271 beati
798 1232 952 1271 simus.
1012 1229 1241 1283 Numquid
1266 1228 1386 1268 sicut

62 1288 347 1327 meminimus
373 1286 706 1340 eloquentiam&
736 1286 852 1326 Non.
916 1286 1130 1335 Quamvis
1155 1285 1274 1324 enim
1296 1281 1385 1323 hoc

63 1343 245 1383 nomine
279 1343 434 1382 audito
468 1343 770 1382 recordentur
801 1344 946 1395 ipsam
977 1354 1094 1391 rem,
1137 1341 1211 1394 qui
1247 1340 1383 1379 etiam

63 1398 261 1449 nondum
275 1403 379 1438 sunt
393 1398 678 1451 eloquentes,
690 1397 910 1451 multique
931 1410 1031 1438 esse
1052 1397 1248 1449 cupiant,
1264 1394 1383 1434 unde

64 1455 254 1507 adparet
287 1466 386 1494 eam
419 1466 519 1493 esse
542 1454 588 1492 in
614 1466 771 1493 eorum
792 1453 976 1503 notitia3
1007 1458 1159 1492 tamen
1181 1463 1263 1504 per
1286 1462 1385 1490 cor-

61 1511 186 1564 poris
220 1522 381 1550 sensus
415 1510 532 1549 alios
566 1510 834 1562 eloquentes
868 1509 1304 1556 animadverterunt,
1339 1511 1387 1546 et

65 1566 279 1607 delectati
300 1570 417 1615 sunt,
436 1570 480 1605 et
498 1563 585 1605 hoc
600 1578 700 1605 esse
718 1565 996 1614 desiderant,
1010 1575 1277 1618 quamquam
1296 1562 1386 1602 nisi

65 1635 121 1662 ex
137 1622 357 1662 interiore
377 1622 543 1661 notitia
559 1634 650 1661 non
669 1621 1026 1670 delectarentur,
1046 1631 1192 1672 neque
1210 1617 1298 1658 hoc
1316 1630 1386 1658 es-

65 1690 113 1718 se
146 1678 336 1727 vellent,
370 1677 461 1717 nisi
485 1677 837 1717 delectarentur.
897 1676 1087 1716 Beatam
1109 1687 1218 1715 vero
1245 1675 1386 1715 vitam

64 1734 189 1774 nullo
224 1745 360 1773 sensu
397 1734 602 1786 corporis
628 1734 674 1772 in
700 1733 801 1773 aliis
827 1733 1098 1787 experimur.
1156 1729 1387 1783 Numquid

66 1791 183 1829 sicut
199 1789 482 1829 meminimus
502 1788 741 1843 gaudium'ss
770 1789 988 1829 Fortasse
1007 1789 1085 1829 ita.
1143 1786 1258 1828 Nam
1278 1798 1385 1840 gau-

67 1845 189 1885 dium
204 1857 353 1884 meum
373 1846 507 1884 etiam
525 1846 674 1885 tristis
692 1845 891 1895 memini,
913 1846 1031 1885 sicut
1048 1845 1186 1884 vitam
1202 1843 1384 1883 beatam

64 1903 221 1951 miser3
241 1912 386 1954 neque
401 1913 611 1953 umquam
628 1901 834 1954 corporis
849 1913 987 1941 sensu
1005 1900 1218 1954 gaudium
1235 1910 1385 1939 meum

63 1957 139 1997 vel
149 1956 342 2006 vidi,vel
359 1956 527 2006 audivi,
544 1957 620 1998 vel
638 1957 856 1998 odoratus
875 1971 988 2008 sum,
1006 1957 1080 1997 vel
1097 1955 1291 2010 gustavi,
1311 1953 1386 1993 vel

63 2013 213 2066 tetigi,
229 2012 310 2052 sed
328 2017 540 2065 expertus
558 2026 656 2053 sum
672 2015 719 2054 in
737 2014 886 2054 animo
903 2025 1022 2063 meo,
1043 2011 1223 2066 quando
1242 2010 1384 2051 laeta-

65 2073 139 2108 tus
163 2081 283 2119 sum3
316 2072 362 2108 et
379 2066 589 2109 adhaesit
605 2070 703 2109 eius
721 2070 887 2109 notitia
903 2069 1151 2110 memoriae
1169 2077 1312 2115 meae,
1334 2069 1385 2104 ut

66 2123 115 2163 id
145 2123 379 2164 reminisci
409 2123 585 2164 valeam
614 2125 858 2179 aliquando
888 2138 988 2166 cum
1014 2122 1383 2176 adspernatione,

68 2179 314 2233 aliquando
339 2192 440 2220 cum
465 2179 717 2232 desiderio,
741 2193 822 2236 pro
850 2193 1003 2222 earum
1027 2191 1176 2221 rerum
1197 2176 1384 2218 diversi-
