1514 2438
310 111 836 154 CONFESSIONUM
865 110 1066 150 LIBER
1093 109 1151 149 X.
1309 105 1390 147 205

73 204 122 239 ut
141 200 237 238 cius
269 197 475 251 exemplo
504 197 640 237 etiam
660 197 805 250 ipsam
824 196 1054 236 discerent
1070 192 1389 242 humilitatem,

73 255 302 295 mediator
324 255 403 293 ille
429 253 518 293 Dei
545 258 589 293 et
607 252 841 293 hominum
859 250 995 292 homo
1017 249 1226 290 Christus
1244 248 1389 298 Iesus,

71 313 192 351 inter
215 310 433 351 mortales
455 314 725 363 peccatores
745 314 790 348 et
807 307 1111 348 immortalem
1127 306 1296 346 iustum
1315 304 1390 344 ad-

71 367 244 420 paruit,
263 366 469 406 mortalis
490 379 589 405 cum
609 364 883 414 hominibus,
903 365 1051 403 iustus
1071 375 1171 402 cum
1188 361 1310 411 Deo3
1343 365 1393 400 ut

78 424 288 478 quoniam
313 423 588 475 stipendium
604 421 808 461 iustitiae
826 421 921 460 vita
940 425 985 460 et
1000 431 1089 473 pax
1107 424 1197 467 est,
1227 429 1309 472 per
1324 418 1392 457 iu-

74 479 246 519 stitiam
270 479 559 518 coniunctam
581 478 681 518 Deo
704 481 947 517 evacuaret
963 480 1157 516 mortem
1173 473 1391 514 iustifica-

72 541 225 575 torum
240 535 504 588 impiorum,
540 547 674 587 quam
693 546 792 573 cum
806 533 899 572 illis
918 532 1065 572 voluit
1083 529 1251 570 habere
1271 541 1390 570 com-

73 603 265 631 munem.
325 590 415 630 Hic
441 592 780 630 demonstratus
806 595 877 629 est
894 588 1091 641 antiquis
1112 586 1304 635 sanctis,
1342 592 1392 624 ut

72 648 139 687 ita
167 648 258 700 ipsi
289 659 370 701 per
393 647 527 686 fidem
551 645 732 686 futurae
756 645 984 699 passionis
1012 645 1130 693 eius,
1168 642 1287 682 sicut
1308 654 1392 680 nos

71 715 154 757 per
192 703 328 743 fidem
366 703 665 757 praeteritae,
706 702 821 742 salvi
859 702 1037 741 fierent.
1088 699 1137 738 In
1177 702 1393 752 quantum

74 760 192 798 enim
226 758 384 809 homo,
416 760 462 798 in
492 764 669 799 tantum
700 758 943 808 mediator3
990 758 1036 795 in
1070 760 1285 809 quantum
1319 765 1393 791 au-

72 821 165 855 tem
181 814 398 865 Verbum,
411 827 503 854 non
520 814 713 864 medius,
725 815 831 867 quia
848 812 1053 866 aequalis
1071 811 1190 860 Deo,
1203 815 1248 850 et
1264 809 1390 848 Deus

75 872 193 924 apud
209 871 372 920 Deum,
385 877 431 911 et
448 871 583 911 simul
604 869 727 924 [cum
745 870 908 922 spiritu
925 866 1106 921 sancto]
1124 880 1239 906 unus
1250 865 1391 904 Deus.

77 928 177 976 Quo
196 927 333 967 modo
352 940 435 967 nos
454 928 632 976 amasti,
650 931 781 980 pater
797 927 932 975 bone,
950 926 1025 978 qui
1043 924 1137 963 filio
1156 928 1235 962 tuo
1256 922 1392 961 unico

75 996 166 1023 non
196 983 464 1036 pepercisti,
499 983 581 1023 sed
605 994 687 1035 pro
707 982 839 1022 nobis
854 982 1005 1035 impiis
1023 978 1254 1019 tradidisti
1274 976 1393 1016 eum!

78 1040 227 1087 (Rom.
247 1040 286 1089 8,
307 1040 395 1091 32.)
418 1039 517 1087 Quo
536 1039 674 1079 modo
695 1051 778 1078 nos
798 1037 980 1085 amasti,
1014 1048 1096 1090 pro
1118 1035 1280 1089 quibus
1299 1033 1394 1078 ille,

76 1108 167 1135 non
184 1096 387 1149 rapinam
406 1095 653 1136 arbitratus
674 1107 776 1134 esse
797 1094 1001 1148 aequalis
1019 1092 1126 1141 tibi,
1157 1090 1306 1131 factus
1327 1096 1397 1128 est

77 1151 285 1192 subditus
316 1164 460 1205 usque
491 1152 547 1191 ad
574 1157 769 1191 mortem
798 1150 946 1190 crucis
975 1147 1112 1199 (Phil.
1147 1149 1191 1196 2,
1225 1145 1263 1185 6.
1296 1149 1394 1195 ss.)‚

77 1221 191 1247 unus
208 1208 284 1248 ille
304 1209 348 1248 in
365 1209 558 1248 mortuis
579 1208 712 1257 liber,
725 1211 1000 1260 potestatem
1013 1203 1185 1244 habens
1196 1200 1397 1255 ponendi

80 1265 273 1304 animam
291 1277 433 1314 suam,
455 1269 500 1304 et
518 1269 796 1318 potestatem
815 1262 986 1302 habens
1004 1262 1170 1300 iterum
1189 1256 1397 1298 sumendi

81 1333 180 1360 eam
199 1319 314 1369 (Ioh.
337 1322 402 1370 10,
423 1320 530 1371 18.);
548 1332 631 1372 pro
651 1320 784 1359 nobis
802 1319 889 1358 tibi
905 1319 1053 1357 victor
1073 1321 1118 1355 et
1135 1314 1335 1361 victima,
1354 1321 1398 1351 et

80 1376 187 1415 ideo
205 1377 374 1426 victor,
394 1376 501 1429 quia
517 1376 721 1425 victima3
756 1386 837 1427 pro
860 1373 991 1413 nobis
1010 1372 1096 1412 tibi
1114 1369 1332 1411 sacerdos
1352 1375 1397 1410 et

81 1432 376 1481 sacrificium,
415 1436 460 1470 et
481 1431 588 1471 ideo
609 1432 846 1479 sacerdos,
881 1430 987 1482 quia
1005 1427 1299 1476 sacrificium3
1332 1424 1398 1464 fa-

83 1489 208 1529 ciens
225 1488 311 1528 tibi
329 1499 414 1527 nos
435 1487 489 1526 de
509 1487 654 1527 servis
675 1487 818 1535 filios,
854 1485 909 1524 de
927 1490 972 1524 te
991 1484 1245 1532 nascendo,
1264 1481 1398 1522 nobis

83 1543 351 1586 serviendo!
381 1543 551 1584 Merito
570 1541 682 1583 mihi
700 1554 803 1595 spes
822 1541 973 1581 valida
987 1542 1034 1580 in
1051 1539 1131 1579 illo
1154 1545 1242 1587 est,
1279 1536 1400 1591 quod

83 1601 266 1642 sanabis
302 1612 457 1640 omnes
481 1600 728 1653 languores
755 1610 883 1638 meos
906 1609 988 1650 per
1011 1609 1134 1645 eum,
1169 1595 1246 1649 qui
1270 1594 1402 1634 sedet

84 1658 140 1697 ad
159 1657 395 1697 dexteram
412 1661 535 1696 tuam
547 1687 557 1704 ‚
591 1660 636 1695 et
652 1660 698 1695 te
715 1653 979 1708 interpellat
996 1664 1077 1707 pro
1097 1652 1229 1691 nobis
1250 1650 1400 1700 (Rom.

84 1714 129 1762 S,
162 1713 271 1763 34.);
303 1712 506 1766 alioquin
530 1711 841 1765 desperarem..
893 1709 1031 1749 Multi
1049 1708 1168 1748 enim
1187 1713 1232 1747 et
1246 1704 1402 1759 magni

86 1773 190 1809 sunt
205 1769 346 1808 iidem
364 1769 611 1822 languores
630 1768 738 1818 mei,
773 1766 901 1807 multi
920 1771 1023 1806 sunt
1055 1770 1100 1804 et
1117 1764 1294 1817 magni,
1322 1761 1403 1801 sed

89 1825 280 1877 amplior
298 1830 367 1864 est
383 1824 612 1865 medicina
627 1829 718 1864 tua.
768 1822 1006 1863 Potuimus
1025 1825 1184 1874 putare
1207 1819 1403 1860 Verbum

86 1886 214 1921 tuum
239 1885 465 1920 remotum
493 1893 594 1921 esse
626 1893 653 1920 a
669 1878 991 1920 coniunctione
1011 1876 1229 1924 hominis,
1266 1880 1311 1914 et
1329 1873 1403 1912 de-

88 1948 273 1989 sperare
292 1937 346 1976 de
365 1936 520 1985 nobis,
545 1937 635 1977 nisi
654 1948 759 1976 caro
780 1935 932 1984 fieret,
952 1939 998 1973 et
1015 1932 1243 1973 habitaret
1261 1931 1306 1969 in
1323 1941 1403 1968 no-

86 1993 172 2033 bis.
234 1992 519 2033 Conterritus
549 1992 750 2045 peccatis
794 1993 908 2032 meis
944 1994 990 2030 et
1026 1989 1148 2030 mole
1185 1985 1399 2027 miseriae

87 2061 216 2088 meae
241 2049 523 2102 agitaveram
544 2049 591 2087 in
616 2047 755 2087 corde
781 2047 1120 2098 meditatusque
1138 2043 1314 2083 fueram
1331 2039 1398 2078 fu-

90 2117 192 2157 gam
206 2107 254 2145 in
272 2104 584 2155 solitudinem3
605 2104 686 2144 sed
703 2102 978 2158 prohibuisti
994 2113 1079 2149 me,
1101 2105 1146 2139 et
1164 2097 1400 2138 confirma-

91 2161 149 2199 sti
173 2173 265 2210 me,
302 2160 478 2200 dicens:
510 2159 613 2200 Ideo
637 2173 723 2212 pro
754 2158 950 2199 omnibns
978 2155 1179 2196 Christus
1202 2157 1400 2192 mortuns

92 2222 176 2266 est,
210 2224 261 2256 ut
284 2216 359 2270 qui
379 2215 531 2256 vivunt
550 2215 636 2255 iam
662 2229 747 2255 ηοη
772 2214 856 2255 sibi
878 2213 1046 2261 vivant,
1079 2211 1155 2251 sed
1174 2209 1214 2249 ei
1231 2206 1398 2263 qnipro
