1514 2438
233 122 769 165 CONFESSIONUM
800 123 1008 165 LIBER
1037 124 1146 166 Vll.
1279 124 1357 163 107

36 222 211 265 peram,
244 223 335 250 non
369 209 551 263 quidem
583 209 829 250 abnuerem
856 211 1086 251 coniicere
1111 222 1163 250 ac
1188 209 1358 259 dicere,

37 267 159 320 quod
175 267 350 306 nutanti
369 266 653 315 occurrebat,
665 267 905 306 sedtamen
921 268 1361 320 subjicerem,prope

35 325 124 363 iam
144 334 245 362 6556
263 320 375 362 mihi
392 322 880 374 persuasum,ridicula
899 334 1000 362 esse
1018 323 1099 363 illa
1118 327 1162 362 et
1184 323 1357 363 inania:

35 384 131 418 tum
152 379 232 419 ille
254 377 366 419 mihi
388 379 608 427 narrarit,
632 383 808 430 patrem
828 392 956 419 suum
975 378 1118 419 fuisse
1138 378 1360 419 librorum

35 436 195 475 talium
215 436 590 483 curiosissimum,
609 440 654 473 et
673 432 886 474 habuisse
906 436 1099 476 amicum
1120 446 1263 488 aeque
1281 434 1362 474 illa

37 491 261 544 simulque
281 495 548 539 sectantem,
569 492 642 543 qui
663 492 761 543 pari
779 491 931 531 studio
952 496 997 531 et
1016 492 1265 531 collatione
1284 489 1360 529 ssa-

35 548 195 587 tabant
211 548 258 587 in
278 559 353 586 eas
373 559 517 600 nugas
535 548 688 599 ignem
708 547 859 586 cordis
881 549 965 596 sui,
984 549 1049 587 ita
1066 552 1116 587 ut
1132 551 1360 587 mutorum

40 615 220 657 quoque
246 602 528 652 animalium,
555 604 591 642 si
613 615 726 656 quae
748 603 867 643 domi
888 608 1122 656 parerent,
1149 604 1363 643 observa-

37 665 140 699 rent
167 663 398 699 momenta
419 661 725 708 nascentium,
757 664 891 713 atque
924 659 979 699 ad
1006 672 1059 698 ea
1084 660 1362 711 positionem

40 716 161 756 coeli
189 720 425 764 notarent,
460 715 579 755 unde
608 715 732 755 illius
759 718 889 769 quasi
916 717 1026 755 artis
1052 716 1363 768 experimenta

38 772 327 825 colligerent.
387 771 545 824 Itaque
572 771 774 821 dicebat,
800 772 983 811 audisse
1004 783 1052 812 se
1071 784 1098 811 a
1114 776 1242 824 patre
1263 782 1361 819 suo,

39 828 161 882 quod
180 841 280 867 cum
300 827 767 867 eumdemFirminum
785 840 1040 881 praegnans
1058 833 1204 867 mater
1224 832 1361 875 esset,

39 885 174 924 etiam
186 884 309 923 illius
323 884 501 936 paterni
517 884 646 922 amici
663 882 833 923 famula
848 884 1069 937 quaedam
1082 884 1254 937 pariter
1268 888 1363 922 ute-

36 952 88 980 ro
121 940 475 993 grandescebat,
508 940 629 993 quod
658 939 802 979 latere
827 952 917 979 non
940 941 1091 993 potuit
1118 939 1363 986 dominum,

40 999 112 1050 qui
141 997 277 1035 etiam
301 1008 460 1035 eanum
480 1007 662 1034 suarum
680 1000 837 1048 partus
859 997 1249 1036 examinatissima
1266 995 1366 1036 dili-

40 1054 195 1105 gentia
218 1063 355 1091 nosse
383 1051 589 1091 curabat:
623 1056 759 1105 atque
778 1053 843 1091 ita
859 1051 1028 1091 factum
1049 1064 1172 1102 esse,
1198 1057 1247 1091 ut
1267 1064 1365 1091 cum

37 1110 126 1148 iste
148 1109 373 1160 coniugis,
387 1107 466 1147 ille
487 1111 637 1146 autem
657 1107 850 1147 ancillae
871 1108 968 1148 dies
990 1117 1034 1148 et
1052 1107 1205 1158 horas,
1226 1109 1366 1148 minu-

35 1166 273 1217 tioresque
291 1162 507 1203 horarum
518 1164 738 1203 articulos
759 1165 1023 1204 cautissima
1043 1166 1365 1205 observatione

38 1224 344 1269 numerarent,
359 1221 519 1259 enixae
539 1225 694 1259 essent
705 1221 864 1260 ambae
881 1221 1104 1271 simul‚ita
1121 1226 1170 1260 ut
1183 1220 1366 1260 easdem

40 1276 441 1326 constellationes,
468 1288 613 1329 usque
640 1275 696 1315 ad
720 1277 904 1316 easdem
922 1278 1159 1326 minutias,
1184 1278 1365 1330 utrique

37 1334 246 1373 nascenti
279 1331 432 1372 facere
468 1338 764 1385 cogerentur,
796 1334 886 1373 iste
911 1333 1028 1382 filio,
1060 1333 1139 1373 ille
1165 1333 1364 1372 servulo.

36 1389 153 1430 Nam
169 1402 269 1428 cum
281 1388 497 1427 mulieres
516 1389 742 1440 parturire
763 1389 1366 1441 coepissent,indicaverunt

39 1446 129 1486 sibi
152 1445 306 1493 ambo,
343 1444 450 1497 quid
473 1445 519 1483 in
545 1456 627 1482 sua
651 1445 869 1497 cuiusque
896 1445 1030 1484 domo
1056 1449 1292 1498 ageretur,
1321 1449 1366 1483 et

36 1504 313 1556 paraverunt
347 1512 460 1553 quos
495 1499 551 1538 ad
583 1511 631 1538 56
654 1500 850 1540 invicem
870 1502 1107 1540 mitterent
1129 1500 1284 1550 simul,
1316 1504 1367 1539 ut

38 1563 192 1598 natum
226 1555 348 1610 quod
380 1556 720 1609 parturiebatur
753 1561 876 1596 esset
909 1558 1072 1610 cuique
1095 1557 1365 1605 nuntiatum,

41 1613 165 1668 quod
185 1618 340 1652 tamen
359 1616 409 1651 ut
430 1613 647 1651 continuo
667 1614 970 1662 nuntiaretur,
991 1618 1222 1666 tamquam
1237 1614 1284 1653 in
1297 1624 1366 1652 re-

40 1681 129 1724 gno
150 1680 232 1709 suo
252 1667 389 1708 facile
410 1666 674 1708 effecerant.
726 1669 871 1722 Atque
891 1670 956 1709 ita
975 1671 1050 1722 qui
1068 1670 1122 1710 ab
1143 1669 1365 1709 alterutro

38 1727 168 1766 missi
193 1729 317 1774 sunt,
343 1729 434 1764 tam
460 1736 515 1764 ex
539 1725 724 1778 paribus
751 1724 988 1765 domorum
1005 1725 1259 1766 intervallis
1279 1725 1365 1765 sibi

42 1783 221 1823 obviam
238 1780 388 1821 factos
409 1792 510 1820 esse
531 1781 786 1830 dicebat,ut
804 1781 936 1822 aliam
955 1783 1232 1836 positionem
1251 1780 1368 1821 side-

40 1852 154 1888 rum,
169 1838 373 1890 aliasque
393 1837 642 1890 particulas
661 1842 1012 1888 momentorum,
1031 1843 1194 1878 neuter
1213 1849 1370 1878 eorum

42 1901 203 1936 notare
237 1895 478 1934 sineretur.
538 1893 596 1932 Et
628 1898 779 1933 tamen
803 1893 1031 1934 Firminus
1066 1894 1215 1948 amplo
1250 1892 1370 1946 apud

42 1965 151 1992 suos
170 1952 274 1991 loco
294 1954 443 1999 natus,
464 1949 774 1990 dealbatiores
792 1952 889 1991 rias
909 1951 1083 1991 saeculi
1102 1950 1366 1998 cursitabat,

42 2009 297 2062 augebatur
331 2006 524 2055 divitiis,
552 2005 882 2047 sublimabatur
904 2005 1176 2057 honoribus,
1209 2018 1367 2045 servus

42 2070 192 2104 autem
205 2063 284 2103 ille
301 2061 580 2101 conditionis
593 2062 703 2115 iugo
723 2062 982 2103 nullatenus
1000 2063 1208 2102 relaxato
1228 2061 1368 2101 domi-

42 2123 114 2161 nis
141 2119 390 2167 serviebat,
414 2119 515 2170 ipso
538 2116 771 2157 indicante
798 2121 874 2172 qui
896 2123 1087 2159 noverat
1107 2130 1221 2157 eum.
1281 2117 1367 2156 His

43 2179 198 2232 itaque
230 2175 399 2217 auditis
433 2178 478 2212 et
506 2173 694 2214 creditis
722 2175 846 2225 (talis
874 2176 1038 2228 quippe
1068 2174 1367 2222 narraverat),

47 2237 191 2275 omnis
208 2234 290 2275 illa
307 2230 551 2270 reluctatio
571 2240 673 2269 mea
688 2231 896 2271 resoluta
913 2229 1133 2280 concidit3
1162 2234 1207 2269 et
1223 2230 1367 2283 primo
