1514 2438
348 115 887 163 CONFESSIONUM
916 123 1126 166 LIBER
1154 125 1232 168 IV.
1403 128 1453 167 51

125 213 204 240 nes
224 199 502 242 humaniter!
524 202 561 243 Ο
584 205 774 247 stultum
811 206 1042 250 hominem
1057 211 1359 252 immoderate
1377 212 1453 253 hu-

123 270 256 297 mana
272 258 537 311 patientem,
557 261 679 313 quod
697 274 783 315 ego
801 272 910 305 tunc
924 266 1066 308 eram!
1096 267 1255 322 Itaque
1276 277 1453 308 aestua-

122 313 241 363 bam,
260 314 560 366 suspirabam,
576 315 757 369 flebam,
773 320 1014 374 turbabar3
1034 335 1119 364 nec
1136 325 1319 378 requies
1340 332 1453 374 erat,

125 381 209 409 nec
228 369 483 411 consilium.
524 371 771 414 Portabam
793 377 911 417 enim
930 380 1212 420 conscissam
1233 387 1278 420 et
1296 393 1453 421 cruen-

127 432 219 465 tam
252 426 446 466 animam
478 440 648 479 meam,
687 431 1004 485 impatientem
1037 448 1063 475 a
1086 448 1157 475 me
1181 438 1380 489 portari,
1410 443 1456 477 et

125 481 201 521 ubi
220 493 318 521 eam
336 494 557 535 ponerem
581 498 672 526 non
695 488 1002 530 inveniebam.
1061 490 1165 532 Non
1182 493 1229 532 in
1248 494 1454 533 amoenis

122 538 406 589 nemoribus,
426 552 517 580 non
533 541 581 581 in
600 542 721 584 ludis
741 549 877 599 atque
896 546 1127 600 cantibus,
1147 561 1233 589 nec
1250 550 1296 589 in
1315 558 1455 589 suave

124 593 351 634 olentibus
379 595 518 646 locis,
543 610 629 638 nec
652 599 700 639 in
720 602 942 642 conviviis
963 603 1215 656 adparatis,
1242 617 1390 658 neque
1408 606 1457 645 in

119 649 355 702 voluptate
375 651 538 694 cubilis
558 660 605 694 et
621 654 754 707 lecti,
772 669 865 697 non
884 658 1078 712 denique
1096 660 1143 699 in
1161 661 1290 702 libris
1318 668 1454 715 atque

121 706 398 748 carminibus
417 708 760 763 adquiescebat.
819 713 1087 756 Horrebant
1106 717 1271 767 omnia,
1292 723 1337 758 et
1354 718 1455 771 ipsa

120 761 221 812 qu3
255 768 302 802 et
331 764 551 818 quidquid
575 780 665 807 non
692 773 791 809 erat
808 771 931 823 quod
950 771 1030 812 ille
1051 780 1169 822 erat,
1198 774 1453 827 improbum

123 824 168 858 et
188 818 399 859 odiosum
420 830 531 871 erat,
552 833 737 875 praeter
755 827 977 879 gemitum
995 833 1040 868 et
1063 828 1291 869 lacrimas.
1339 829 1456 869 Nam

121 875 167 913 in
208 875 274 914 eis
314 876 426 916 solis
462 877 747 931 aliquantula
778 884 979 936 requies.
1039 884 1128 924 Ubi
1161 891 1314 925 autem
1345 886 1452 925 inde

121 929 417 972 auferebatur
436 934 585 974 anima
603 948 718 987 mea,
740 939 961 980 onerabat
976 953 1047 981 me
1066 941 1254 995 grandis
1274 943 1455 982 sarcina

120 987 350 1028 miseriae.
408 990 476 1030 Ad
493 996 538 1030 te
552 1021 562 1040 ,
588 991 808 1045 Domine,
834 995 1029 1036 levanda
1048 1003 1148 1038 erat
1165 1002 1211 1038 et
1229 998 1453 1048 curandag

121 1043 345 1094 sciebam,
371 1045 453 1085 sed
477 1058 560 1086 nec
583 1048 817 1100 volebam,
845 1064 929 1092 nec
957 1053 1187 1104 valebam,
1216 1066 1270 1094 eo
1289 1055 1453 1108 magis,

120 1100 226 1152 quia
252 1112 343 1139 non
369 1100 482 1140 mihi
507 1115 608 1143 eras
638 1105 813 1159 aliquid
837 1108 1037 1149 solidum
1056 1116 1102 1150 et
1123 1111 1325 1160 firmum,
1353 1123 1454 1150 cum

121 1156 174 1194 de
190 1161 234 1195 te
251 1157 525 1209 cogitabam.
572 1159 675 1200 Non
696 1164 814 1202 enim
833 1172 882 1204 tu
901 1177 1018 1215 eras,
1036 1165 1118 1206 sed
1134 1179 1298 1206 vanum
1316 1165 1453 1219 phan-

117 1218 264 1251 tasma
280 1219 327 1252 et
344 1225 474 1254 error
489 1227 617 1256 meus
638 1226 736 1258 erat
757 1218 884 1261 Deus
903 1234 1046 1262 meus.
1068 1221 1117 1263 Si
1135 1223 1336 1263 conabar
1354 1235 1451 1263 eam

121 1267 184 1306 ibi
210 1280 402 1321 ponere,
428 1276 479 1310 ut
494 1273 832 1326 requiesceret,
862 1278 1096 1330 perinane
1114 1278 1380 1327 labebatur,
1408 1284 1454 1319 et

118 1325 286 1363 iterum
308 1326 471 1366 ruebat
486 1340 623 1380 super
639 1343 710 1370 me
722 1362 732 1381 ,
760 1338 806 1372 et
823 1345 910 1386 ego
929 1333 1042 1374 mihi
1058 1347 1367 1374 remanseram
1386 1336 1451 1374 in·

119 1378 235 1419 felix
251 1380 404 1431 locus,
429 1383 507 1422 ubi
525 1397 610 1424 nec
628 1397 732 1426 esse
752 1400 958 1440 possem,
983 1403 1068 1430 nec
1089 1391 1194 1430 inde
1212 1391 1450 1431 recedere.

122 1435 222 1482 Quo
250 1437 368 1475 enim
393 1450 473 1477 cor
491 1452 639 1479 meum
658 1441 844 1496 fugeret
861 1457 887 1483 a
906 1445 1044 1486 corde
1065 1446 1195 1486 meo?
1226 1459 1314 1499 quo
1335 1459 1362 1486 a
1377 1459 1448 1486 me

119 1491 219 1543 ipso
247 1490 483 1545 fugerem?
515 1508 603 1548 quo
629 1510 700 1537 me
722 1512 812 1538 non
832 1501 1076 1554 sequerer?-
1106 1503 1163 1542 Et
1180 1507 1332 1542 tamen
1351 1502 1452 1557 fugi

120 1547 173 1586 de
210 1549 371 1600 patria.
432 1551 585 1591 Minus
613 1555 733 1593 enim
759 1567 861 1595 eum
888 1558 1171 1610 quaerebant
1194 1559 1319 1598 oculi
1342 1560 1448 1607 mei,

118 1603 195 1642 ubi
209 1603 366 1644 videre
386 1618 476 1645 non
494 1608 728 1661 solebant,
749 1617 886 1665 atque
906 1626 932 1653 a
949 1613 1261 1667 Thagastensi
1279 1615 1447 1669 oppido

116 1660 220 1699 veni
244 1659 582 1715 Carthaginem.

200 1716 247 1756 C.
275 1716 393 1757 VIII.
441 1717 543 1759 Non
562 1727 727 1762 vacant
743 1730 966 1779 tempora,
987 1738 1072 1767 nec
1092 1728 1241 1768 otiose
1260 1728 1447 1768 volvun-

115 1779 187 1811 tur
206 1784 288 1825 per
307 1786 467 1815 sensus
486 1782 694 1829 nostros,
728 1778 905 1822 faciunt
920 1783 967 1822 in
987 1784 1136 1823 animo
1156 1785 1272 1824 mira
1291 1796 1445 1838 opera.

114 1827 233 1868 Ecce
252 1830 501 1871 veniebant
518 1838 564 1872 et
581 1836 895 1886 praeteribant
916 1839 971 1879 de
993 1839 1066 1879 die
1084 1840 1130 1879 in
1147 1840 1288 1891 diem,
1308 1846 1353 1881 et
1372 1852 1445 1880 ve·

114 1884 282 1924 niendo
298 1891 342 1926 et
359 1890 694 1939 praetereundo
716 1892 982 1935 inserebant
999 1894 1112 1935 mihi
1132 1898 1310 1950 species
1330 1897 1443 1936 alias

115 1946 161 1979 et
179 1940 292 1981 alias
316 1945 561 1985 memorias
576 1976 586 1995 ‚
616 1953 662 1986 et
686 1949 906 2000 paulatim
931 1952 1247 1993 resarciebant
1264 1966 1335 1993 me
1355 1953 1444 2005 pri-

115 1996 246 2036 stinis
272 1999 519 2051 generibus
546 2001 922 2057 delectationum,
955 2008 1116 2061 quibus
1145 2009 1339 2049 cedebat
1364 2008 1442 2047 do-

113 2051 186 2090 lor
208 2065 336 2093 meus
362 2054 464 2106 ille3
498 2058 580 2098 sed
606 2061 917 2103 succedebant
938 2077 1031 2104 non
1050 2065 1234 2118 quidem
1255 2065 1441 2105 dolores

114 2107 214 2157 alii,
243 2122 408 2150 causae
427 2116 579 2152 tamen
598 2114 792 2156 aliorum
812 2118 1037 2160 dolorum.
1097 2119 1212 2161 Nam
1231 2120 1351 2160 unde
1369 2132 1440 2159 me

118 2161 337 2206 facillime
373 2172 420 2207 et
451 2168 498 2207 in
529 2169 690 2210 intima
717 2172 850 2214 dolor
873 2175 952 2215 ille
977 2181 1317 2229 penetraverat,
1351 2175 1442 2215 nisi

117 2219 243 2271 quia
271 2220 589 2267 fuderamin
617 2239 829 2271 arenam
861 2233 1086 2272 animam
1113 2244 1295 2281 meam,
1322 2231 1440 2270 dili-

1011 2288 1050 2326 D
1072 2290 1094 2327 2
