1473 2443
112 58 195 132 230
479 86 713 128 URELII
742 85 1112 128 AUGUSTINI

111 181 179 216 tet
204 177 461 214 cantantem
484 170 600 212 illud
620 171 866 221 canticum,
905 171 1012 225 quid
1031 176 1076 211 et
1095 173 1307 225 quantum
1326 170 1422 210 eius

113 229 280 270 abierit
299 228 352 267 ab
373 226 585 277 exordio,
620 227 727 280 quid
746 232 791 266 et
808 232 1020 280 quantum
1037 231 1181 266 restet
1199 226 1254 265 ad
1274 226 1421 266 finem.

116 286 206 327 Sed
225 284 361 332 absit,
387 288 436 322 ut
453 288 503 322 tu
521 283 731 322 conditor
747 282 1080 331 universitatis,
1106 282 1316 321 conditor
1334 281 1426 321 ani-

114 353 284 381 marum
305 344 349 378 et
367 350 607 391 corporum
619 368 630 388 ‚
658 338 776 377 absit
793 343 842 377 ut
858 338 924 377 ita
940 338 1121 377 noveris
1143 338 1293 376 omnia
1309 336 1427 376 futu-

109 410 162 436 ra
187 401 232 435 et
254 396 515 447 praeterita.
574 393 734 446 Longe
753 399 820 443 tu,
861 393 997 446 longe
1032 393 1304 442 mirabilius,
1331 392 1426 431 lon-

115 462 261 505 geque
296 451 532 489 secretius.
591 448 749 502 Neque
774 450 892 488 enim
917 450 1035 488 sicut
1056 454 1164 488 nota
1189 448 1427 497 cantantis,

116 512 326 547 notumve
365 506 588 545 canticum
627 504 852 544 audientis
892 505 1234 557 exspectatione
1267 516 1429 543 vocum

111 562 364 603 futurarum
388 565 433 600 et
456 560 674 600 memoria
698 561 1046 612 praeteritarum
1080 559 1281 599 variatur
1305 557 1428 598 adfe-

114 624 226 666 ctus,
241 628 490 668 sensusque
511 616 797 665 distenditur,
811 616 877 654 ita
892 615 977 655 tibi
994 614 1164 667 aliquid
1182 615 1348 654 accidit
1364 615 1428 654 in-

114 672 495 713 commutabiliter
515 676 720 721 aetemo,
750 670 838 712 hoc
863 676 951 720 est,
974 682 1080 710 vere
1099 675 1283 710 aeterno
1307 682 1429 710 crea-

111 729 202 769 tori
215 730 442 768 mentium.
477 727 603 768 Sicut
621 740 730 781 ergo
750 728 872 767 nosti
889 727 934 765 in
951 725 1172 778 principio
1188 725 1365 766 coelum
1385 731 1430 766 et

110 790 279 824 terram
299 784 395 823 sine
414 783 634 823 varietate
652 783 843 822 notitiae
860 787 981 831 tuae,
1000 782 1064 821 ita
1080 780 1233 821 fecisti
1248 783 1294 821 in
1310 783 1429 834 prin-

114 840 233 892 cipio
274 839 451 878 coelum
485 844 530 878 et
560 844 729 878 terram
766 839 862 878 sine
914 837 1191 877 distentione
1233 837 1427 877 actionis

113 900 234 934 tuae.
296 894 384 942 Qui
405 894 643 947 intelligit,
669 894 939 933 confiteatur
961 893 1064 943 tibi3
1099 897 1143 931 et
1162 892 1237 945 qui
1255 904 1344 931 non
1363 894 1426 932 in-

112 949 297 1002 telligit,
317 949 586 989 confiteatur
601 950 699 989 tibi.
740 949 775 987 O
796 961 927 1001 quam
945 948 1153 988 excelsus
1175 949 1243 987 es!
1275 948 1333 987 Et
1350 946 1427 987 hu-

111 1005 242 1045 miles
267 1005 404 1044 corde
430 1009 533 1044 sunt
558 1004 715 1044 domus
737 1003 833 1043 tua!
867 1005 937 1042 Tu
961 1004 1077 1042 enim
1104 1004 1242 1058 erigis
1263 1003 1424 1054 elisos;

114 1066 160 1102 et
177 1073 267 1101 non
286 1061 465 1110 cadunt,
486 1072 675 1113 quorum
695 1059 918 1099 celsitudo
939 1064 988 1098 tu
1008 1071 1070 1098 es.

492 1281 850 1340 LIBER
912 1282 1048 1340 XII.

198 1393 244 1432 C.
271 1392 302 1432 1.
362 1392 508 1432 Multa
542 1393 710 1444 satagit
731 1403 811 1431 cor
833 1404 1000 1441 meum,
1018 1390 1235 1439 Domine,
1268 1391 1314 1430 in
1341 1389 1424 1430 hac

112 1449 268 1501 inopia
280 1448 397 1487 vitae
413 1459 539 1487 meae
557 1447 784 1500 pulsatum
805 1448 951 1487 verbis
971 1452 1153 1487 sanctae
1174 1446 1424 1499 scripturae

111 1510 236 1554 tuae3
270 1509 314 1543 et
330 1504 434 1543 ideo
456 1503 717 1556 plerumque
736 1503 781 1541 in
800 1515 1009 1543 sermone
1029 1502 1218 1554 copiosa
1236 1507 1304 1541 est
1323 1513 1424 1554 ege-

114 1565 206 1598 stas
240 1557 459 1598 humanae
497 1558 851 1611 intelligentiae,
887 1558 992 1611 quia
1013 1557 1113 1610 plus
1136 1557 1339 1609 loquitur
1360 1558 1424 1595 in-

112 1614 297 1666 quisitio
333 1627 464 1666 quam
490 1615 712 1663 inventio,
748 1618 793 1652 et
813 1614 996 1666 longior
1019 1617 1088 1651 est
1105 1612 1265 1665 petitio
1292 1624 1422 1664 quam

110 1670 389 1722 impetratio,
417 1674 460 1708 et
479 1669 718 1722 operosior
741 1673 810 1707 est
826 1681 982 1707 manus
1000 1667 1183 1720 pulsans
1203 1679 1334 1719 quam
1353 1680 1423 1706 su-

110 1736 250 1763 mens.
312 1726 538 1763 Tenemus
563 1724 852 1776 promissum3
887 1723 986 1776 quis
1011 1728 1270 1774 corrumpet
1285 1722 1423 1761 illud‘.l

111 1778 293 1820 SiDeus
307 1792 386 1832 pro
408 1779 552 1826 nobis,
570 1779 669 1831 quis
683 1784 840 1818 contra
857 1777 963 1817 nos'.t
981 1777 1121 1818 Petite
1136 1784 1178 1816 et
1187 1776 1421 1829 accipietis,

112 1833 308 1887 quaerite
324 1841 367 1873 et
379 1833 619 1881 invenietis,
633 1835 805 1886 pulsate
822 1840 864 1873 et
873 1832 1095 1886 aperietur
1109 1831 1240 1872 vobis.
1271 1830 1421 1872 Omnis

110 1889 221 1929 enim
247 1889 320 1942 qni
334 1889 450 1942 petit
472 1888 650 1941 accipit,
679 1896 722 1928 et
739 1902 947 1942 quaerens
966 1887 1148 1937 invenit,
1175 1889 1423 1941 etpulsantz

109 1944 342 1997 aperietur.
370 1943 550 1993 (Matth.
566 1945 607 1992 7,
625 1945 725 1993 7.s.)
764 1944 994 1983 Promissa
1010 1948 1087 1983 tua
1104 1948 1225 1994 sunt3
1259 1947 1302 1983 et
1322 1945 1419 1996 quis

110 1999 208 2040 falli
225 2002 398 2049 timeat,
419 2012 517 2039 cum
537 2000 764 2052 promittit
781 1999 973 2038 veritasit

196 2055 243 2095 C.
268 2055 320 2094 ΙΙ.
381 2055 633 2094 Confitetur
669 2054 899 2094 altitudini
937 2060 1042 2094 tuae
1076 2052 1303 2093 humilitas
1338 2053 1419 2092 lin-

111 2122 225 2163 guae
244 2122 386 2160 meae,
406 2110 617 2163 quoniam
634 2114 683 2149 tu
700 2108 852 2149 fecisti
871 2110 1048 2149 coelum
1068 2114 1112 2148 et
1128 2114 1313 2148 terrani:
1333 2107 1418 2147 hoc

111 2165 306 2215 coelum,
342 2165 463 2218 quod
486 2165 638 2214 video,
673 2170 951 2218 terramque,
976 2177 1104 2218 quam
1130 2163 1277 2213 calco,
1301 2164 1416 2203 unde
