1514 2438
301 115 846 159 CONFESSIONUM
876 115 1087 157 LIBER
1117 114 1256 156 XIII.
1366 113 1448 153 277

118 204 239 257 cepit
248 208 513 256 potestatem
525 202 714 256 piscium
738 201 893 251 muris,
920 208 963 242 et
982 200 1225 241 volatilium
1253 198 1378 247 coeli,
1407 205 1447 238 et

119 274 184 300 om
192 274 215 299 n
223 259 540 313 iumpecorum,
553 266 595 299 et
606 258 744 299 omnis
760 265 920 307 terrae,
932 265 974 298 et
984 257 1176 298 omnium
1187 254 1446 310 repentium,

117 330 227 371 quae
245 321 404 369 repunt
417 328 546 369 super
565 322 744 356 terrum.
803 315 981 355 Iudicat
995 316 1114 354 enim
1138 318 1183 354 et
1207 311 1446 366 adprobat,

118 372 240 427 quod
259 376 399 421 recte,
425 371 655 425 improbat
673 377 845 421 autem,
867 371 988 425 quod
1007 382 1246 424 perperam
1264 370 1448 408 invene-

115 431 196 469 rit:
218 430 313 468 sive
327 429 373 468 in
387 440 441 468 ea
455 428 749 468 solemnitate
766 432 1172 477 sacramentorum,
1185 425 1347 480 quibus
1365 423 1449 463 ini-

116 487 303 535 tiantur,
316 497 429 537 quos
447 485 733 538 pervestigat
743 485 790 524 in
809 485 938 538 aquis
957 483 1113 524 multis
1130 480 1451 523 misericordia

117 549 215 592 tua3
236 541 389 581 sivein
405 553 472 590 ea,
485 541 660 595 quaille
673 541 812 595 piscis
829 539 1086 589 exhibetur,
1100 551 1233 593 quem
1250 538 1452 577 levatum

120 599 175 639 de
187 596 414 652 profundo
425 603 550 637 terra
562 597 637 650 pia
648 597 867 648 comedit3
888 597 1041 637 sivein
1053 596 1296 636 verborum
1306 592 1451 646 signis

117 654 401 707 vocibusque
414 654 633 693 subiectis
648 653 913 694 auctoritati
925 653 1031 693 libri
1042 653 1125 702 tui,
1135 657 1364 704 tamquam
1374 647 1451 688 sub

107 710 396 767 firmamento
422 711 741 760 volitantibus,
769 708 1137 762 interpretando,
1164 705 1453 761 exponendo,

122 766 408 816 disserendo,
432 766 723 820 disputando,
741 765 1059 806 benedicendo
1080 769 1216 818 atque
1238 764 1453 803 invocan-

123 825 181 866 do
204 828 271 873 te,
302 835 381 862 ore
405 824 747 876 erumpentibus
771 827 906 876 atque
925 822 1195 862 sonantibus
1220 820 1380 873 signis,
1404 822 1456 857 ut

121 878 402 933 respondeat
418 880 633 933 populus:
652 880 806 920 Amen.
842 878 1016 927 Quibus
1038 878 1247 917 omnibus
1264 874 1455 915 vocibus

125 935 431 989 corporaliter
467 935 755 976 enuntiandis
792 948 931 975 causa
964 939 1035 975 est
1064 933 1240 988 abyssus
1265 930 1455 980 saeculi,

127 999 173 1034 et
196 993 395 1034 caecitas
422 992 593 1042 carnis,
621 1005 708 1046 qua
732 992 939 1046 cogitata
960 1004 1052 1031 non
1076 993 1272 1044 possunt
1295 987 1456 1036 videri,

124 1056 176 1091 ut
201 1062 314 1102 opus
341 1049 401 1089 sit
424 1049 679 1100 instrepere
705 1050 751 1089 in
769 1048 970 1088 auribus.
1030 1047 1099 1087 Ita
1124 1045 1328 1100 quamvis
1348 1043 1454 1084 mul-

125 1105 378 1159 tiplicentur
399 1103 596 1144 volatilia
617 1117 747 1158 super
771 1112 956 1153 terrum,
983 1116 1039 1144 ex
1056 1102 1180 1157 aquis
1197 1108 1349 1142 tamen
1369 1101 1457 1140 ori·

129 1164 282 1217 ginem
307 1161 489 1201 ducunt.
549 1160 727 1201 Iudicat
753 1162 892 1201 etiam
916 1160 1137 1213 spiritalis
1157 1156 1456 1212 adprobando

130 1219 252 1273 quod
275 1222 471 1267 rectum,
496 1217 798 1270 improbando
825 1222 976 1256 autem
996 1216 1118 1270 quod
1135 1226 1373 1269 perperam
1391 1212 1457 1251 in-

126 1274 306 1315 venerit
326 1276 372 1314 in
398 1274 613 1326 operibus
634 1274 932 1326 moribusque
951 1272 1176 1320 fidelium,
1200 1271 1458 1321 eleemosy-

127 1332 198 1371 nis
224 1337 455 1382 tamquam
478 1335 599 1369 terra
614 1327 886 1383 fructzferu,
914 1333 960 1368 et
978 1328 1032 1368 de
1053 1326 1201 1367 anima
1219 1325 1317 1365 viva
1334 1337 1456 1364 man-

128 1386 347 1427 suefactis
374 1384 733 1433 adfectionibus,
768 1384 815 1423 in
839 1384 1075 1433 castitate,
1109 1383 1156 1422 in
1179 1381 1386 1431 ieiuniis,
1409 1381 1458 1420 in

130 1441 490 1497 cogitationibus
514 1440 602 1493 piis
630 1440 685 1479 de
704 1440 762 1480 iis
776 1470 787 1490 ,
812 1452 927 1493 quae
946 1452 1026 1492 per
1044 1451 1227 1479 sensum
1245 1437 1455 1490 corporis

126 1499 455 1553 percipiuntur.
514 1496 585 1536 De
611 1494 679 1536 his
701 1497 820 1536 enim
835 1496 1040 1536 iudicare
1059 1507 1177 1535 nunc
1196 1494 1384 1544 dicitur,
1408 1495 1456 1533 in

129 1557 292 1610 quibus
313 1559 359 1594 et
375 1558 652 1606 potestatem
672 1552 935 1606 corrigendi
953 1551 1104 1592 habet.

111 1608 117 1615 ¹
214 1612 261 1651 C.
286 1608 452 1650 XXIV.
514 1608 605 1650 Sed
624 1608 732 1662 quid
751 1614 821 1648 est
838 1606 945 1658 hoc,
967 1614 1013 1648 et
1031 1608 1164 1662 quale
1181 1606 1455 1661 mysterium

129 1667 223 1708 est}
253 1667 373 1707 Ecce
399 1664 611 1706 benedicis
637 1664 850 1714 homines,
877 1677 902 1705 o
927 1664 1146 1714 Domine,
1179 1669 1230 1704 ut
1254 1668 1456 1703 crescant

128 1731 173 1764 et
201 1722 565 1776 multiplicentur,
603 1727 646 1762 et
667 1720 880 1774 impleant
916 1727 1093 1761 terram.
1130 1719 1265 1769 (Gen.
1292 1721 1335 1769 l,
1360 1718 1451 1769 28.)

128 1778 314 1820 Nihilne
334 1779 467 1819 nobis
488 1790 544 1818 ex
562 1776 829 1827 hocinnuis,
856 1781 906 1817 ut
923 1777 1234 1831 intelligamus
1255 1775 1450 1828 aliquid:

129 1848 209 1876 cur
234 1848 325 1875 non
358 1835 422 1874 ita
443 1834 735 1875 benedixeris
760 1833 930 1883 lucem,
964 1846 1097 1886 quam
1117 1832 1296 1874 vocasti
1315 1832 1450 1881 diem,

127 1904 212 1932 nec
245 1891 574 1930 firmamentum
599 1890 739 1939 coeli,
772 1902 857 1930 nec
878 1889 1143 1940 luminaria,
1176 1901 1260 1929 nec
1282 1888 1451 1935 sidera,

128 1961 212 1988 nec
235 1952 420 1991 terram,
439 1958 523 1985 nec
540 1945 692 1986 mare'}
720 1945 934 1986 Dicerem
952 1950 1012 1995 te,
1031 1944 1158 1986 Deus
1178 1949 1354 1993 noster,
1375 1943 1452 1996 qui

128 2017 212 2044 nos
245 2003 301 2042 ad
323 2001 569 2054 imaginem
592 2006 714 2041 tuam
737 2002 926 2050 creasti,
962 2002 1161 2042 dicerem
1185 2006 1230 2041 te
1259 1999 1347 2040 hoc
1372 1999 1452 2038 do·

127 2073 233 2099 num
265 2057 601 2099 benedictionis
634 2055 808 2098 homini
839 2058 1023 2112 proprie
1049 2057 1248 2097 voluisse
1273 2055 1450 2109 largiri,

127 2116 217 2155 nisi
241 2114 328 2155 hoc
353 2114 489 2154 modo
513 2113 831 2154 benedixisses
855 2115 1004 2168 pisces
1029 2119 1075 2153 et
1097 2118 1247 2162 cetos,
1281 2116 1332 2151 ut
1356 2123 1450 2150 cre-

128 2176 310 2211 scerent
333 2176 378 2210 et
399 2169 833 2222 nulltiplicarentur,
859 2175 904 2210 et
927 2169 1172 2222 implerent
1196 2181 1336 2221 aquas
1359 2180 1450 2207 ma-

131 2227 204 2278 ris,
226 2232 270 2267 et
290 2226 496 2268 volatilia
511 2224 923 2279 multiplicarentur
940 2237 1077 2279 super
1094 2231 1276 2265 terram.
1337 2224 1450 2264 Item
