1514 2438
269 125 818 168 CONFESSIONUM
847 125 1054 166 LIBER
1085 126 1138 166 V.
1319 126 1370 164 ἶῖ)

40 214 277 264 mositate3
299 211 381 253 sed
398 216 551 251 tamen
569 209 860 251 familiaritas
880 223 1040 251 eorum
1060 210 1234 263 (plures
1255 210 1373 249 enini

41 283 121 310 eos
148 270 294 309 Roma
318 267 540 315 occultat)
565 268 741 321 pigrius
767 279 837 307 me
864 266 1066 307 faciebat
1089 266 1214 306 aliud
1238 277 1373 319 quae-

40 338 159 375 rere,
179 324 451 379 praesertim
471 323 804 376 desperantem,
823 324 870 362 in
890 323 1090 363 ecclesia
1105 326 1199 372 tua,
1216 320 1375 362 Domi-

43 394 98 422 ne
119 381 239 421 coeli
258 386 304 421 et
318 385 492 429 terrae,
513 384 693 419 creator
713 380 913 419 omnium
931 378 1182 418 visibilium
1202 382 1249 418 et
1263 378 1374 417 invi-

46 438 271 486 sibilium,
299 447 437 489 posse
458 435 654 474 inveniri
684 448 857 484 verum,
882 435 1002 475 unde
1021 446 1092 474 me
1111 433 1181 473 illi
1200 439 1375 474 averte-

43 498 164 543 rant,
189 493 474 544 multumque
493 490 607 530 mihi
624 497 754 543 turpe
775 491 1035 540 videbatur,
1056 491 1245 530 credere
1265 489 1376 543 figu-

42 562 139 588 ram
170 553 215 588 te
241 547 410 587 habere
437 546 660 587 humanae
687 548 859 596 carnis,
894 551 940 586 et
962 547 1272 586 membrorum
1297 557 1375 585 no-

43 611 240 645 strorum
253 604 542 644 lineamentis
555 603 871 656 corporalibus
883 603 1135 642 terminari.
1167 602 1226 641 Et
1238 613 1377 654 quon-

42 662 132 700 iam
158 673 258 700 cum
285 660 340 700 de
364 660 464 700 Deo
489 670 592 699 meo
620 660 827 713 cogitare
848 658 1032 708 vellem,
1061 658 1269 711 cogitare
1288 656 1376 697 nisi

41 717 188 757 moles
206 728 452 769 corporum
470 728 562 755 non
575 727 794 755 noveram
811 716 977 767 (neque
998 715 1118 753 enim
1135 713 1377 753 videbatur

42 772 150 813 mihi
169 785 271 812 esse
287 772 547 826 quidquam,
565 771 687 824 quod
704 771 796 811 tale
817 783 909 810 non
929 770 1090 818 esset),
1107 781 1162 809 ea
1178 769 1377 809 maxima

46 834 91 868 et
126 840 269 881 prope
310 828 410 867 sola
444 839 583 867 causa
615 832 714 867 erat
747 826 1028 867 inevitabilis
1062 825 1233 865 erroris
1269 824 1375 864 mei.

44 885 166 924 Hinc
190 885 309 923 enim
338 889 383 922 et
402 883 511 922 mali
535 883 840 923 substantiam
864 882 1105 936 quamdam
1131 881 1374 921 credebam

45 952 147 980 esse
171 940 331 989 talem,
358 945 403 979 et
427 939 596 979 habere
623 952 751 979 suam
774 939 943 979 molem
967 943 1135 978 tetram
1160 946 1206 977 et
1224 936 1375 976 defor-

41 1008 175 1045 mem,
192 996 289 1035 sive
309 1008 525 1044 crassam,
544 1008 676 1048 quam
694 1000 866 1035 terram
884 994 1113 1044 dicebant,
1134 994 1230 1033 sive
1249 999 1375 1032 tenu-

45 1065 116 1091 em
135 1056 269 1104 atque
292 1051 526 1101 subtilem,
553 1051 672 1091 sicut
690 1056 762 1091 est
781 1052 901 1091 ae'ris
923 1063 1111 1104 corpus,
1134 1062 1268 1103 quam
1286 1061 1377 1088 ma-

42 1109 214 1161 lignam
244 1113 443 1147 mentem
478 1118 561 1160 per
593 1107 720 1147 illam
754 1112 926 1148 terram
956 1112 1195 1160 repentem
1216 1106 1376 1158 imagi-

43 1168 221 1203 nantur.
253 1163 312 1203 Et
325 1164 431 1216 quia
442 1163 589 1203 Deum
608 1163 777 1203 bonum
795 1164 967 1204 nullam
985 1163 1151 1202 malam
1169 1168 1377 1202 naturam

46 1232 249 1269 creasse,
287 1220 631 1273 qualiscumque
660 1221 808 1273 pietas
836 1231 909 1260 me
941 1219 1133 1260 credere
1163 1218 1375 1271 cogebat,

46 1276 381 1316 constituebam
406 1288 463 1316 ex
485 1276 679 1316 adverso
704 1276 793 1316 sibi
811 1276 923 1316 duas
942 1275 1110 1325 moles,
1134 1280 1375 1326 utramque

46 1332 283 1381 infinitam,
304 1331 386 1371 sed
405 1332 571 1371 malam
592 1333 849 1385 angustius,
867 1332 1034 1371 bonam
1053 1331 1287 1384 grandius,
1321 1329 1379 1368 Et

48 1399 104 1427 ex
127 1385 214 1427 hoc
238 1388 370 1426 initio
396 1388 720 1440 pestilentioso
744 1400 814 1427 me
835 1394 1020 1427 caetera
1039 1386 1288 1439 sacrilegia
1306 1397 1374 1425 se-

47 1443 314 1496 quebantur.
348 1443 459 1482 Cum
480 1443 598 1482 enim
619 1449 864 1483 conaretur
882 1444 1057 1482 animus
1075 1455 1204 1482 meus
1222 1453 1375 1481 recur-

43 1511 145 1538 rere
179 1498 226 1538 in
260 1496 534 1538 catholicam
564 1499 719 1548 fidem,
753 1499 1120 1552 repercutiebar,
1155 1498 1262 1550 quia
1284 1509 1375 1536 non

46 1560 144 1594 erat
162 1553 393 1594 catholica
410 1555 539 1604 fides,
560 1568 692 1608 quam
713 1567 814 1594 esse
835 1555 1102 1595 arbitrabar.
1152 1555 1212 1593 Et
1226 1553 1375 1606 magis

46 1611 146 1663 pius
170 1609 284 1650 mihi
301 1610 509 1659 videbar,
535 1612 574 1650 si
598 1616 663 1660 te,
688 1611 814 1651 Deus
833 1623 981 1659 meus,
1008 1611 1081 1650 cui
1100 1610 1376 1650 confitentur

47 1679 100 1706 ex
121 1679 190 1706 me
209 1666 531 1706 miserationes
551 1673 679 1716 tuae,
699 1668 775 1708 vel
792 1679 849 1707 ex
868 1667 1065 1707 caeteris
1083 1666 1291 1719 partibus
1309 1666 1375 1704 in-

0 1746 2 1752 =
44 1722 219 1762 finitum
253 1722 508 1773 crederem,
546 1724 750 1776 quamvis
786 1735 842 1763 ex
866 1736 975 1772 una,
1012 1735 1100 1776 qua
1121 1722 1205 1762 tibi
1226 1721 1374 1762 moles

42 1778 150 1818 mali
169 1778 506 1832 opponebatur,
528 1791 722 1832 cogerer
739 1779 915 1819 finitum
934 1779 1086 1829 fateri,
1107 1790 1241 1832 quam
1261 1778 1301 1817 si
1319 1789 1376 1816 ex

44 1834 250 1874 omnibus
269 1835 475 1887 partibus
493 1836 538 1874 in
557 1836 764 1889 corporis
785 1834 970 1876 humani
987 1834 1136 1875 forma
1152 1839 1198 1874 te
1220 1834 1374 1888 opina-

41 1902 117 1930 rer
146 1890 281 1930 finiri.
340 1890 399 1930 Et
420 1892 584 1931 melius
610 1890 722 1931 mihi
744 1892 936 1932 videbar
958 1891 1169 1941 credere,
1199 1890 1372 1929 nullum

42 1947 211 1986 malum
240 1951 285 1985 te
316 1958 521 1997 creasse,
558 1948 681 2000 quod
711 1946 825 1987 mihi
858 1948 1085 1988 nescienti
1108 1959 1200 1986 non
1223 1945 1371 1986 solum

42 2003 195 2055 aliqua
208 2002 482 2053 substantia,
501 2003 581 2043 sed
597 2004 734 2044 etiam
753 2016 978 2058 corporea
995 2003 1250 2052 videbatur,
1268 2002 1375 2054 quia

44 2064 89 2098 et
118 2062 317 2098 mentem
346 2059 552 2112 cogitare
576 2071 667 2099 non
692 2072 930 2110 noveram,
963 2060 1054 2100 nisi
1078 2071 1178 2099 eam
1202 2056 1371 2098 subtile

44 2125 208 2167 corpus
235 2126 360 2163 esse,
389 2115 512 2167 quod
530 2120 682 2156 tamen
706 2128 788 2169 per
806 2117 900 2157 loci
927 2117 1076 2170 spatia
1093 2113 1371 2154 diffundere·

41 2174 129 2219 tur,
151 2182 282 2223 quam
303 2171 490 2210 credere
510 2171 589 2210 abs
607 2177 653 2211 te
675 2184 794 2221 esse,
814 2173 993 2225 qualem
1013 2171 1227 2224 putabam
1244 2173 1372 2207 natu-

42 2237 139 2265 ram
157 2226 278 2266 mali.
339 2226 490 2279 Ipsum
509 2239 690 2281 quoque
711 2227 997 2268 Salvatorem
1018 2231 1246 2275 nostrum,
1274 2223 1365 2262 uni-
