1473 2443
29 109 105 148 loo
344 111 630 153 AURELII
663 112 1037 156 AUGUSTINI

366 295 771 355 LiBER
853 299 1002 356 VII.

117 419 165 461 C.
181 419 214 461 1.
273 420 369 461 Iam
392 427 575 463 mortua
597 429 696 465 erat
721 423 1035 466 adolescentia
1050 438 1152 466 mea
1168 424 1289 465 mala
1306 430 1352 465 et

29 475 242 527 nefanda,
256 481 302 517 et
318 476 438 518 ibam
455 479 501 518 in
517 479 814 531 iuventutem,
834 487 1001 535 quanto
1021 486 1171 522 aetate
1189 481 1351 531 maior,

28 538 157 572 tanto
179 533 379 573 vanitate
399 535 590 587 turpior.
625 535 713 585 Qui
730 537 934 590 cogitare
954 537 1128 592 aliquid
1145 537 1351 577 substan-

29 589 122 628 tiae
135 588 224 628 nisi
242 588 335 628 tale
353 601 443 629 non
460 596 682 643 poteram,
695 593 827 646 quale
846 605 927 646 per
944 592 1027 634 hos
1048 594 1207 633 oculos
1226 592 1349 632 vide-

29 644 67 683 ri
95 643 235 695 solet,
260 657 351 684 non
367 650 413 685 te
432 647 711 700 cogitabam,
738 648 886 698 Deus,
912 650 959 689 in
977 650 1123 703 figura
1141 648 1350 702 corporis

30 698 229 740 humani.
286 700 355 741 Ex
379 714 467 755 quo
495 702 652 744 audire
677 704 847 757 aliquid
874 704 928 745 de
954 705 1179 758 sapientia
1201 704 1349 756 coepi,

26 768 207 808 semper
234 755 320 795 hoc
344 756 463 811 fugi3
498 764 544 798 et
566 759 820 813 gaudebam
845 774 914 800 1110
940 759 1028 801 hoc
1054 761 1282 813 reperisse
1302 760 1349 798 in

25 811 114 851 fide
139 812 358 864 spiritalis
388 815 546 854 matris
572 821 759 856 nostrae
786 815 1052 857 Catholicae
1076 822 1197 857 tuae.
1258 814 1350 857 Sed

27 867 136 920 quid
154 872 197 907 te
217 867 342 907 aliud
361 870 613 923 cogitarem
633 884 724 911 non
744 873 1029 913 occurrebat.
1074 872 1133 912 Et
1151 869 1351 912 conabar

26 923 233 976 cogitare
258 928 304 963 te
328 923 487 975 homo,
516 932 561 966 et
585 927 691 967 talis
716 926 873 978 homo,
900 941 1122 969 summum
1140 933 1186 968 et
1202 928 1350 967 solum
1399 949 1401 951 ·

26 985 71 1019 et
100 991 256 1019 verum
278 979 444 1031 Deum3
479 986 525 1021 et
546 987 591 1022 te
614 983 1009 1036 incorruptibilem
1033 990 1080 1024 et
1108 983 1349 1023 inviolabi-

23 1035 131 1084 lem,
168 1040 213 1075 et
244 1036 665 1078 incommutabilem
698 1040 809 1079 totis
843 1040 1056 1081 medullis
1090 1039 1348 1088 credebam,

25 1090 132 1144 quia
155 1092 366 1132 nesciens
385 1093 504 1133 unde
521 1098 567 1133 et
585 1095 830 1147 quomodo.
893 1096 1035 1136 Plane
1054 1101 1207 1136 tamen
1226 1095 1350 1134 vide-

22 1147 126 1186 bam
140 1177 151 1196 ,
179 1152 225 1186 et
243 1153 394 1188 certus
415 1161 558 1199 eram,
578 1150 625 1189 id
644 1150 764 1204 quod
785 1152 1014 1204 corrumpi
1031 1156 1205 1204 potest,
1225 1151 1349 1191 dete-

23 1203 119 1242 rius
153 1215 276 1253 esse,
306 1217 440 1258 quam
463 1205 511 1244 id
530 1205 652 1258 quod
668 1219 758 1246 non
775 1212 950 1260 potest3
985 1213 1030 1247 et
1049 1206 1171 1260 quod
1184 1205 1351 1246 violari

23 1271 116 1298 non
161 1264 334 1313 potest,
379 1261 696 1302 incunctanter
740 1263 1076 1317 praeponebam
1120 1262 1349 1312 violabili3

26 1320 73 1354 et
113 1315 234 1367 quod
272 1316 441 1356 nullam
480 1318 651 1370 patitur
685 1320 987 1360 mutationem
1021 1319 1186 1359 melius
1229 1330 1348 1367 0550,

26 1384 159 1424 quam
198 1371 247 1410 id
288 1372 410 1424 quod
427 1374 591 1412 mutari
627 1380 796 1426 potest.
857 1374 1093 1415 Clamabat
1123 1374 1350 1414 violenter

27 1439 108 1466 cor
132 1439 280 1466 meum
306 1428 524 1468 adversus
545 1431 697 1470 omnia
713 1429 1031 1483 phantasmata
1046 1442 1169 1480 mea,
1198 1434 1244 1470 et
1260 1428 1348 1469 hoc

21 1495 113 1522 uno
148 1483 244 1522 ictu
278 1484 477 1523 conabar
512 1485 698 1539 abigere
733 1487 1138 1527 circumvolantem
1170 1485 1348 1525 turbam

21 1539 337 1578 immunditiae
365 1540 419 1579 ab
448 1541 545 1580 acie
570 1543 734 1582 mentis
758 1555 911 1592 meae,
938 1548 983 1582 et
1005 1543 1081 1583 vix
1106 1542 1279 1582 dimota
1301 1541 1348 1580 in

22 1594 119 1634 ictu
140 1594 277 1644 oculi,
295 1607 401 1634 0000
422 1597 700 1650 conglobata
715 1610 872 1638 rursus
892 1598 1064 1647 aderat,
1083 1602 1129 1637 et
1144 1597 1348 1636 irruebat

22 1651 71 1689 in
94 1650 359 1702 adspectum
376 1664 540 1702 meum,
561 1658 607 1692 et
625 1653 921 1694 obnubilabat
939 1666 1055 1702 eum,
1074 1658 1124 1692 ut
1142 1653 1345 1705 quamvis

22 1718 116 1745 non
144 1705 293 1744 forma
318 1705 501 1746 humani
529 1709 756 1761 corporis,
791 1721 1062 1761 corporeum
1088 1713 1241 1748 tamen
1265 1708 1344 1747 ali-

24 1761 133 1814 quid
158 1762 363 1813 cogitare
391 1775 584 1816 cogerer
608 1776 688 1817 per
708 1765 856 1816 spatia
880 1765 1088 1804 locorum
1112 1764 1207 1803 sive
1227 1762 1343 1802 infu-

22 1830 122 1857 sum
153 1817 343 1866 mundo,
378 1818 472 1857 sive
514 1819 649 1858 etiam
673 1825 802 1859 extra
824 1820 1039 1859 mundum
1062 1831 1143 1872 per
1166 1819 1344 1858 infinita

22 1872 258 1921 diffusum,
292 1873 428 1912 ctiam
458 1874 604 1926 ipsum
628 1875 976 1928 incorruptibile
1005 1880 1051 1915 et
1073 1874 1340 1914 inviolabile

22 1934 69 1968 et
98 1929 491 1979 incommutabile,
530 1931 649 1982 quod
684 1931 971 1984 corruptibili
996 1936 1041 1970 et
1065 1930 1272 1970 violabili
1296 1937 1342 1969 et

22 1983 333 2024 commutabili
362 1986 715 2038 praeponebam3
755 1987 968 2038 quoniam
1001 1986 1220 2040 quidquid
1251 1986 1339 2038 pri-

18 2040 180 2079 vabam
198 2040 358 2092 spatiis
377 2040 543 2080 talibus
556 2072 567 2090 ,
586 2040 700 2082 nihil
717 2041 827 2081 inihi
847 2055 947 2082 esse
966 2042 1224 2082 videbatur:
1259 2041 1338 2080 sed

17 2108 206 2149 prorsus
235 2094 368 2145 nihil,
394 2109 449 2136 ne
475 2097 608 2136 inane
636 2098 836 2150 quidem,
861 2104 1089 2151 tamquam
1113 2097 1151 2136 si
1174 2109 1337 2148 corpus

20 2150 255 2192 auferatur
272 2151 394 2202 loco,
416 2157 461 2192 et
481 2159 662 2192 maneat
677 2153 805 2194 locus
826 2155 948 2193 omni
966 2165 1159 2205 corpore
1181 2164 1337 2191 vacua-

18 2214 113 2259 tus,
151 2214 196 2249 et
221 2214 402 2248 terreno
431 2214 476 2249 et
503 2207 687 2249 humido
716 2215 761 2250 et
786 2212 921 2250 aereo
947 2215 993 2250 et
1015 2208 1230 2257 coelesti,
1256 2208 1337 2247 sed
