1514 2438
253 84 780 129 CONFESSIONUM
807 87 1012 130 LIBER
1040 87 1124 130 IX.
1274 88 1351 130 159

35 169 118 211 hac.
142 171 249 212 vita.
313 170 431 220 Quid
454 169 527 212 hic
549 170 714 212 faciam
732 171 902 223 adhuc,
928 178 973 213 et
991 186 1070 214 cur
1087 172 1161 213 hic
1180 173 1263 214 sim
1278 187 1352 214 ne-

34 229 155 277 scio,
188 229 276 268 iam
302 233 538 268 consumta
560 240 640 280 spe
665 227 797 269 huius
822 229 1010 270 saeculi.
1069 230 1215 270 Unum
1239 238 1350 278 erat,

33 289 220 337 propter
244 283 360 336 quod
380 285 425 324 in
443 282 527 324 hac
544 284 639 324 vita
656 284 936 337 aliquantum
953 286 1185 326 immorari
1205 286 1354 340 cupie-

33 340 158 389 bam,
188 344 237 379 ut
258 345 303 380 te
329 338 635 381 Christianum
659 340 936 382 catholicum
958 342 1181 392 viderem,
1206 343 1353 395 prius-

36 409 169 449 quam
206 408 421 436 morerer.
483 397 764 437 Cumulatius
803 395 890 437 hoc
923 396 1034 438 mihi
1066 397 1192 438 Deus
1224 411 1352 439 meus

35 452 281 504 praestitit,
305 458 354 492 ut
365 457 410 492 te
435 453 570 492 etiam
587 458 817 493 contemta
828 453 1051 494 felicitate
1062 459 1247 495 terrena
1265 467 1356 495 ser-

36 521 139 547 vum
159 510 253 547 eius
272 508 461 549 videam.
525 509 643 557 Quid
663 508 734 550 hic
752 508 937 550 faci03“

121 564 166 604 C.
186 563 262 604 XI.
295 564 362 604 Ad
380 563 493 605 haec
513 566 553 605 ei
573 565 680 618 quid
697 566 1026 619 responderim,
1046 578 1137 607 non
1155 567 1267 607 satis
1286 580 1354 607 re-

37 620 160 659 colo:
193 631 292 660 cum
325 622 504 661 interea
532 622 608 662 vix
637 623 758 662 intra
781 623 978 676 quinque
1005 622 1126 673 dies,
1163 630 1240 663 aut
1263 636 1354 664 non

33 675 174 715 multo
196 677 409 730 amplius,
437 677 653 717 decubuit
671 676 891 718 febribus.
950 678 1008 718 Et
1027 691 1126 718 cum
1146 684 1355 733 aegrota-

32 736 104 770 ret
126 732 323 785 quodam
346 732 436 783 die,
467 732 696 773 defectum
720 734 895 774 animae
920 747 1053 788 passa
1072 740 1160 784 est,
1187 740 1231 775 et
1250 747 1354 788 pau·

32 787 172 827 lulum
206 789 441 829 subtracta
465 801 490 828 a
513 789 845 843 praesentibus
906 790 1001 831 Nos
1027 791 1354 841 concurrimus,

32 843 115 883 sed
132 844 223 884 cito
242 844 423 884 reddita
441 850 511 885 est
528 848 702 894 sensui,
723 851 767 886 et
785 846 994 900 adspexit
1010 846 1265 897 adstantes,
1284 859 1354 887 me

33 903 79 938 et
95 898 282 940 fratrem
300 912 462 949 meum,
479 906 525 941 et
541 902 604 941 ait
622 902 754 942 nobis
772 903 901 955 quasi
921 903 1154 956 quaerenti
1175 903 1357 944 similis:

33 955 154 1005 „Ubi
172 955 354 995 erani'}“
371 956 551 997 Deinde
571 970 653 998 nos
672 959 853 998 intuens
873 971 1084 999 moerore¹
1101 960 1355 1000 adtonitos:

31 1010 254 1061 „Ponetis
270 1011 356 1062 hic,
371 1014 532 1066 inquit,
546 1018 736 1053 matrem
748 1015 1007 1055 vestram&
1029 1015 1129 1069 Ego
1151 1015 1356 1065 silebam,

33 1072 79 1107 et
115 1065 271 1108 fletum
301 1067 550 1109 frenabam.
608 1069 772 1110 Frater
803 1075 954 1111 autem
985 1084 1111 1112 meus
1146 1071 1359 1125 quiddam

31 1122 214 1163 locutus
240 1129 328 1174 est,
355 1137 442 1178 quo
469 1137 568 1165 eam
590 1138 682 1166 non
704 1139 918 1180 peregre,
945 1127 1027 1168 sed
1050 1129 1095 1168 in
1117 1129 1266 1182 patria
1284 1128 1357 1169 de-

31 1177 164 1233 fungi
194 1184 422 1234 tamquam
455 1179 638 1223 felicius
674 1188 866 1236 optaret.
929 1183 1030 1232 Quo
1066 1185 1245 1234 audito,
1278 1184 1359 1225 illa

31 1235 160 1275 vultu
178 1237 313 1277 anxio
333 1238 633 1278 reverberans
654 1250 755 1278 eum
774 1240 940 1289 oculis,
962 1240 1083 1293 quod
1100 1241 1213 1280 talia
1230 1252 1356 1294 sape-

30 1296 125 1340 ret,
150 1297 285 1345 atque
308 1294 413 1333 inde
439 1305 508 1333 me
525 1295 728 1334 intuens:
760 1295 930 1344 „Vide‚
956 1298 1039 1345 ait,
1066 1296 1173 1349 quid
1192 1295 1357 1336 dicit.“

29 1346 90 1387 Et
113 1359 220 1388 mox
242 1350 483 1388 ambobus:
517 1349 735 1400 „Ponite,
764 1352 931 1404 inquit,
966 1350 1052 1391 hoc
1077 1364 1240 1404 corpus
1264 1353 1360 1392 ubi-

34 1416 247 1457 cumque,
271 1402 386 1445 nihil
411 1416 487 1444 vos
513 1406 611 1445 eius
632 1418 739 1446 cura
758 1408 1020 1446 conturbet:
1051 1412 1227 1447 tantum
1243 1407 1359 1447 illud

31 1472 113 1499 vos
136 1472 274 1513 rogo,
299 1464 349 1500 ut
372 1459 429 1499 ad
450 1460 635 1500 Domini
659 1462 802 1502 altare
827 1464 1125 1504 memineritis
1150 1465 1258 1513 mei,
1282 1464 1359 1504 ubi

32 1514 270 1556 fueritis.“
332 1515 531 1570 Cumque
568 1515 683 1557 hanc
715 1520 988 1559 sententiam
1018 1520 1169 1560 verbis
1195 1520 1357 1573 quibus

31 1577 212 1625 poterat
231 1572 528 1624 explicasset,
553 1575 794 1624 conticuit,
815 1579 860 1614 et
877 1575 1223 1628 ingravescente
1242 1588 1358 1616 mor·

28 1629 87 1669 bo
114 1628 426 1668 exercebatur.
487 1628 587 1682 Ego
616 1642 721 1670 vero
747 1632 956 1684 cogitans
978 1631 1097 1672 dona
1113 1631 1356 1682 tua,Deus

29 1684 289 1734 invisibilis,
304 1697 418 1738 quae
437 1686 644 1725 immittis
662 1686 708 1725 in
727 1687 866 1726 corda
884 1687 1292 1737 fideliumtuorum,
1311 1697 1356 1728 et

30 1742 302 1794 proveniunt
338 1741 444 1782 inde
477 1741 635 1795 fruges
669 1742 982 1794 admirabiles,
1022 1745 1277 1798 gaudebam
1311 1753 1357 1785 et

31 1796 201 1849 gratias
223 1797 414 1850 agebam
432 1798 536 1847 tibi,
556 1798 767 1838 recolens
790 1799 911 1852 quod
930 1812 1166 1848 noveram,
1189 1807 1356 1854 quanta

32 1865 141 1892 cura
172 1864 351 1905 semper
374 1858 633 1894 aestuasset
657 1855 711 1894 de
737 1855 970 1908 sepulcro,
996 1857 1117 1910 quod
1142 1858 1230 1897 sibi
1253 1870 1354 1910 pro-

30 1907 208 1948 viderat
226 1914 271 1947 et
289 1915 639 1962 praeparaverat
656 1911 784 1951 iuxta
802 1924 967 1964 corpus
986 1915 1073 1954 viri
1091 1914 1174 1954 sui.
1237 1914 1355 1962 Quia

30 1965 149 2004 enim
165 1964 298 2004 valde
319 1965 610 2004 concorditer
628 1967 848 2016 vixerant,
869 1968 915 2007 id
934 1971 1070 2009 etiam
1088 1970 1286 2019 volebat,
1306 1975 1356 2008 ut

31 2024 100 2059 est
119 2020 292 2060 animus
312 2019 531 2061 humanus
548 2023 695 2062 minus
716 2036 859 2075 capax
877 2023 1147 2075 divinorum,
1168 2025 1354 2077 adiungi

29 2075 86 2114 ad
107 2075 232 2115 illam
254 2075 545 2127 felicitatem,
571 2082 615 2116 et
635 2081 983 2120 commemorari
1001 2081 1056 2120 ab
1076 2080 1350 2130 hominibus,

30 2143 296 2171 concessum
311 2133 399 2173 sibi
418 2145 519 2172 esse
538 2138 643 2186 post
659 2135 1005 2176 transmarinam
1022 2137 1351 2190 peregrinatio-

30 2199 154 2238 nem,
187 2194 237 2228 ut
271 2190 513 2229 coniuncta
544 2196 667 2230 terra
700 2191 936 2232 ambortun
961 2193 1206 2246 coniugum
1228 2197 1352 2232 terra
