1473 2443
105 85 186 125 228
414 79 702 122 AURELII
732 78 1120 122 AUGUSTINI

106 171 187 219 dit,
210 172 255 208 et
271 165 489 215 meminit,
507 169 557 204 ut
573 163 620 204 id
640 164 762 218 quod
780 169 1029 219 exspectat,
1043 177 1125 218 per
1140 164 1188 204 id
1205 164 1326 217 quod
1344 164 1418 204 ad-

106 225 272 273 tendit,
305 226 509 262 transeat
531 221 578 259 in
600 220 647 260 id
672 221 793 273 quod
814 222 1084 261 meminerit.
1146 220 1257 268 Quis
1279 220 1421 273 igitur

107 285 247 333 negat
276 277 430 317 futura
460 275 661 316 nondum
690 276 818 317 esset
876 276 967 317 Sed
994 283 1145 316 tamen
1168 277 1258 316 iam
1281 275 1422 316 estin

110 338 259 375 animo
291 333 573 386 exspectatio
602 331 872 373 futurorum.
931 332 989 372 Et
1011 333 1110 385 quis
1136 336 1274 385 negat
1295 342 1422 384 prae-

109 393 248 431 terita
272 391 364 430 iam
387 400 478 427 non
503 387 630 427 esse'.t
679 387 770 429 Sed
785 393 938 428 tamen
956 387 1103 427 adhuc
1122 393 1191 427 est
1207 389 1254 427 in
1272 389 1421 427 animo

112 445 333 486 memoria
368 444 735 497 praeteritorum.
793 444 853 483 Et
891 444 991 498 quis
1030 448 1169 496 negat
1204 454 1423 496 praesens

111 508 288 554 tempus
309 512 464 540 carere
485 499 648 552 spatio,
669 501 774 554 quia
789 500 835 540 in
851 504 1018 552 puncto
1038 498 1284 552 praeterit}
1331 497 1424 539 Sed

111 566 266 598 tamen
295 555 509 609 perdurat
537 555 764 605 adtentio‚
796 567 878 608 per
905 567 1037 608 quam
1060 558 1223 608 pergat
1246 553 1425 602 abesse,

116 614 239 667 quod
267 611 431 653 aderit.
491 609 594 652 Non
624 611 768 664 igitur
799 611 985 664 longum
1008 618 1184 663 tempus
1207 609 1426 658 futurum,

117 668 239 723 quod
263 680 354 707 non
384 672 473 717 est3
507 666 589 706 sed
615 666 802 720 longum
819 666 1018 706 futurum
1037 667 1175 720 longa
1192 669 1427 719 exspecta-

114 727 180 765 tio
212 723 353 763 futuri
383 729 466 763 est.
524 721 683 775 Neque
707 723 894 776 longum
917 723 1211 775 praeteritum
1231 727 1427 775 tempus,

118 779 240 835 quod
257 791 347 818 non
366 784 456 828 est3
490 778 569 818 sed
588 779 776 831 longum
793 779 1087 832 praeteritum
1105 778 1244 831 longa
1259 788 1428 818 memo-

115 839 187 877 ria
217 834 455 888 praeteriti
487 839 570 874 est.
629 833 847 874 Dicturus
880 847 978 873 sum
1011 834 1235 874 canticum
1249 863 1260 883 ,
1307 831 1430 886 quod

116 893 239 932 novi.
298 891 411 929 Ante
451 902 583 943 quam
618 890 853 942 incipiam,
885 890 933 929 in
964 894 1111 930 totum
1144 888 1427 941 exspectatio

117 960 221 988 mea
242 945 464 996 tenditur3
500 958 600 985 cum
618 951 770 985 autem
788 957 983 998 coepero
996 976 1007 995 ‚
1042 950 1257 999 quantum
1275 957 1332 984 ex
1347 943 1430 983 illa

118 1005 166 1043 in
181 1002 478 1056 praeteritum
497 1001 999 1053 decerpsero‚tenditur
1013 1001 1059 1040 in
1071 1001 1293 1041 memoria
1306 1011 1428 1048 mea3

120 1065 256 1112 atque
284 1056 558 1096 distenditur
574 1058 669 1096 vita
686 1054 820 1096 huius
840 1057 1033 1096 actionis
1050 1068 1178 1095 meae
1196 1057 1242 1095 in
1258 1066 1426 1095 memo-

118 1116 248 1162 riam,
268 1120 456 1165 propter
475 1111 596 1165 quod
615 1112 730 1162 dixi,
756 1117 801 1152 et
817 1112 863 1151 in
882 1112 1292 1165 exspectationem,
1327 1122 1428 1162 pro-

120 1176 223 1224 pter
240 1168 362 1222 quod
379 1168 581 1207 dicturus
597 1181 714 1218 sum3
734 1179 951 1219 praesens
967 1173 1119 1207 tamen
1132 1167 1262 1206 adest
1276 1167 1430 1205 adten-

121 1229 187 1266 tio
205 1237 307 1264 mea
319 1254 329 1272 ,
347 1235 429 1275 per
448 1236 580 1276 quam
597 1224 873 1272 traiiciatur,
894 1223 1014 1276 quod
1033 1228 1130 1262 erat
1147 1222 1361 1269 futurum,
1380 1225 1431 1259 ut

125 1283 203 1321 fiat
213 1280 524 1333 praeteritum.
557 1278 691 1327 Quod
710 1283 877 1331 quanto
889 1278 1033 1331 magis
1046 1278 1197 1330 agitur
1210 1278 1427 1330 etagitur,

121 1342 250 1377 tanto
279 1335 487 1374 breviata
514 1335 858 1387 exspectatione
877 1334 1180 1386 prolongatur
1194 1332 1430 1380 memoria,

124 1394 271 1432 donec
281 1396 380 1430 tota
390 1390 671 1442 exspectatio
684 1395 989 1439 consumatur,
1002 1402 1100 1428 cum
1110 1388 1298 1428 totailla
1309 1387 1427 1427 actio

122 1449 252 1487 finita
261 1447 550 1487 transieritin
561 1446 840 1485 memoriam.
872 1446 929 1484 Et
942 1445 1115 1498 quodin
1124 1450 1223 1484 toto
1236 1443 1430 1491 cantico,

122 1503 210 1543 hoc
238 1504 285 1542 in
314 1502 506 1556 singulis
531 1501 768 1554 particulis
800 1501 896 1540 eius
916 1502 986 1550 fit,
1022 1506 1155 1553 atque
1174 1500 1220 1539 in
1238 1498 1431 1552 singulis

123 1558 314 1612 syllabis
349 1560 467 1608 eius;
499 1556 588 1596 hoc
615 1557 661 1596 in
685 1557 865 1596 actione
890 1556 1121 1611 longiore,
1157 1555 1283 1594 cuius
1309 1554 1430 1593 forte

122 1613 347 1668 particula
369 1619 439 1653 est
464 1613 578 1652 illud
603 1613 846 1661 canticum3
879 1610 966 1651 hoc
990 1612 1037 1650 in
1058 1615 1158 1650 tota
1178 1610 1272 1648 vita
1289 1607 1430 1648 homi-

123 1671 213 1718 nis,
251 1670 377 1708 cuius
396 1674 548 1721 partes
570 1673 675 1707 sunt
693 1679 848 1707 omnes
868 1667 1072 1706 actiones
1091 1664 1310 1714 hominis3
1343 1663 1431 1703 hoc

123 1726 169 1764 in
186 1729 285 1764 toto
306 1724 492 1763 saeculo
511 1723 709 1763 filiorum
726 1721 977 1771 hominum,
1011 1722 1137 1761 cuius
1155 1724 1309 1774 partes
1328 1726 1433 1759 sunt

126 1792 282 1820 omnes
300 1781 420 1819 vitae
441 1778 684 1818 hominum.

209 1836 256 1874 C.
282 1834 449 1874 XXIX.
511 1834 602 1874 Sed
620 1835 833 1887 quoniam
848 1832 1013 1872 melior
1031 1837 1101 1872 est
1114 1831 1432 1872 misericordia

124 1898 205 1932 tua
228 1903 364 1943 super
387 1890 525 1939 vitas,
561 1902 666 1930 ecce
693 1889 909 1929 distentio
936 1893 1007 1927 est
1031 1888 1125 1927 vita
1142 1900 1263 1935 mea,
1297 1892 1342 1926 et
1357 1898 1429 1926 me

124 1947 326 1998 suscepit
344 1946 531 1986 dextera
547 1950 625 1985 tua
643 1947 689 1984 in
708 1944 905 1984 Domino
924 1956 1048 1993 meo,
1066 1943 1318 1983 mediatore
1337 1941 1433 1980 filio

125 2002 320 2042 hominis
346 2002 465 2040 inter
486 2006 531 2040 te
555 2013 691 2039 unum
720 2005 766 2039 et
786 2012 870 2039 nos
898 1999 1087 2049 multos,
1119 1999 1166 2037 in
1182 1997 1336 2037 multis
1355 2009 1436 2050 per

125 2059 278 2108 multa,
288 2062 338 2097 ut
350 2069 539 2110 pereum
553 2054 957 2108 adprehendam,in
967 2067 1053 2108 quo
1068 2059 1112 2094 et
1125 2052 1434 2106 adprehensus

128 2128 247 2163 sum,
282 2118 327 2153 et
353 2126 379 2152 a
399 2112 624 2152 veteribus
644 2112 801 2152 diebus
822 2111 1034 2164 colligar,
1069 2121 1264 2163 sequens
1282 2121 1432 2154 unum,

127 2171 377 2222 praeterita
404 2168 594 2219 oblitus,
627 2180 717 2208 non
734 2168 779 2207 in
799 2180 874 2218 ea,
910 2178 1023 2220 quae
1040 2164 1193 2205 futura
1211 2170 1257 2205 et
1272 2164 1431 2204 transi-
