1514 2438
295 115 834 158 CONFESSIONUM
863 116 1066 159 LIBER
1096 117 1171 160 VI.
1342 118 1394 159 39

67 211 164 240 rum
182 205 358 252 autem,
384 201 605 252 Domine,
629 207 698 252 tu,
719 203 796 256 qui
814 203 1050 256 praesides
1068 204 1394 258 gubernaculis

67 256 287 308 omnium,
307 270 422 312 quae
443 258 631 308 creasti,
652 272 743 299 non
762 271 863 300 eum
882 260 1051 301 oblitus
1072 272 1173 301 eras
1192 259 1395 300 futurum

63 313 185 354 inter
202 313 324 354 filios
342 319 448 355 tuos
463 315 717 355 antistitem
735 317 1011 357 sacramenti
1028 317 1116 368 tui;
1138 321 1183 357 et
1200 321 1251 357 ut
1265 329 1393 370 aper-

64 375 108 409 te
135 370 221 411 tibi
242 370 525 411 tribueretur
549 371 647 412 eius
673 373 924 423 correctio,
949 385 1031 426 per
1047 385 1118 413 me
1139 373 1321 427 quidem
1338 373 1391 412 il-

62 425 174 476 lam,
199 426 282 467 sed
308 427 589 468 nescientem
608 434 823 481 operatus
843 441 908 470 es.
967 428 1082 470 Nam
1100 429 1297 483 quodam
1316 429 1390 470 die

63 495 165 522 cum
176 482 385 524 sederem
398 483 503 524 loco
524 484 680 534 solito,
696 490 742 525 et
759 497 913 525 coram
931 498 1001 526 me
1022 485 1239 526 adessent
1256 485 1390 526 disci-

58 539 172 592 puli,
190 540 330 590 venit,
350 540 581 591 salutavit,
600 541 733 591 sedit,
755 546 890 595 atque
907 542 954 582 in
970 554 1037 591 ea,
1059 555 1173 596 quae
1194 542 1391 597 ageban-

59 600 146 645 tur,
161 596 358 636 animum
372 597 584 638 intendit.
615 597 674 638 Et
684 596 805 638 forte
824 598 964 639 lectio
982 599 1026 638 in
1046 599 1254 639 manibus
1275 608 1389 649 erat,

60 664 194 705 quam
213 652 318 693 dum
337 665 613 706 exponerem
626 684 637 703 ,
664 659 709 694 et
727 659 983 708 opportune
1001 653 1113 694 mihi
1132 653 1391 695 abhibenda

59 709 294 749 videretur
310 710 565 750 similitudo
587 709 891 761 Circensium,
919 724 1006 765 quo
1027 711 1162 761 illud,
1183 711 1306 764 quod
1323 712 1388 751 in-

59 764 312 816 sinuabam,
333 770 381 806 et
396 766 640 807 iocundius
661 772 708 808 et
723 767 903 820 planius
923 768 1068 818 fieret,
1091 780 1192 808 cum
1210 768 1387 810 irrisio-

58 834 114 862 ne
138 822 346 862 mordaci
370 834 550 873 eorum,
577 835 691 876 quos
717 824 800 864 illa
817 826 1096 878 captivasset
1112 824 1311 874 insania,
1336 829 1387 864 tu

59 878 150 918 scis
163 908 175 929 ‚
199 877 327 919 Deus
346 884 526 929 noster,
557 880 680 934 quod
697 885 806 920 tunc
825 881 879 920 de
898 881 1062 934 Alypio
1083 880 1137 920 ab
1156 880 1237 921 illa
1254 886 1384 934 peste

58 933 261 975 sanando
281 947 373 975 non
392 935 707 990 cogitaverim.
740 938 796 977 At
812 937 890 976 ille
910 938 955 976 in
974 950 1023 977 se
1041 937 1206 990 rapuit,
1221 949 1385 990 meque

56 990 174 1031 illud
197 1003 288 1030 non
312 991 402 1031 nisi
425 997 616 1046 propter
641 1005 691 1033 se
716 992 888 1033 dixisse
916 993 1126 1034 credidit.
1187 994 1247 1033 Et
1264 991 1388 1048 quod

57 1047 175 1087 alius
194 1047 429 1101 acciperet
447 1048 505 1089 ad
521 1049 883 1090 succensendum
902 1048 1033 1101 mihi,
1053 1050 1233 1103 accepit
1250 1048 1388 1089 hone-

56 1109 153 1144 stus
173 1103 446 1145 adolescens
466 1104 523 1145 ad
541 1106 905 1146 succensendum
924 1106 1034 1157 sibi,
1063 1107 1119 1147 ad
1136 1119 1208 1147 me
1228 1106 1389 1146 arden-

53 1160 145 1200 tius
166 1160 465 1214 diligendum.
524 1160 724 1203 Dixeras
744 1162 864 1204 enim
879 1167 928 1204 tu
945 1163 1035 1203 iam
1056 1163 1179 1213 olim,
1200 1168 1246 1203 et
1261 1163 1389 1203 inne-

53 1228 221 1257 xueras
245 1216 394 1258 literis
418 1218 531 1259 tuis:
568 1216 753 1272 Corripe
778 1218 1037 1273 sapientem,
1068 1226 1110 1260 et
1135 1219 1304 1260 nutabit
1330 1225 1386 1259 te.

55 1272 213 1323 (Prov.
233 1272 274 1325 9,
293 1274 354 1325 8.)
408 1275 467 1316 At
485 1287 571 1330 ego
592 1275 722 1315 illum
739 1275 829 1315 iam
848 1288 939 1315 non
958 1276 1285 1329 corripueram,
1304 1275 1388 1316 sed

53 1336 188 1371 utens
215 1336 265 1372 tu
292 1330 502 1371 omnibus
531 1336 579 1372 et
603 1332 855 1372 scientibus
882 1336 929 1372 et
952 1332 1287 1382 nescientibus,
1317 1344 1386 1372 or-

55 1386 160 1426 dine
189 1399 277 1440 quo
304 1387 428 1427 nosti
453 1388 521 1435 (et
540 1387 620 1427 ille
648 1387 760 1428 ordo
786 1388 934 1428 iustus
961 1391 1074 1439 est),
1101 1388 1156 1429 de
1182 1388 1320 1429 corde
1341 1392 1389 1428 et

53 1443 213 1496 lingua
242 1454 347 1483 mea
380 1442 604 1484 carbones
630 1443 843 1484 ardentes
871 1449 1086 1497 operatus
1115 1457 1186 1495 es,
1221 1444 1386 1498 quibus

52 1504 253 1539 mentem
277 1499 376 1552 spei
399 1499 550 1539 bonae
578 1499 797 1540 adureres
817 1499 1153 1551 tabescentem,
1184 1513 1237 1540 ac
1255 1513 1385 1541 sana-

52 1568 142 1596 res.
205 1556 381 1596 Taceat
397 1555 557 1596 laudes
576 1561 700 1605 tuaS‚
728 1556 804 1600 oui
820 1556 1147 1597 miserationes
1172 1561 1274 1597 tuas
1294 1569 1386 1596 non

54 1610 342 1662 considerat,
377 1624 493 1665 quae
525 1612 610 1653 tibi
634 1612 689 1653 de
713 1611 929 1653 medullis
954 1613 1067 1653 meis
1095 1613 1384 1654 confitentur.

52 1668 233 1709 Etenim
256 1668 337 1709 ille
364 1672 471 1722 post
495 1668 579 1709 illa
597 1667 736 1708 verba
750 1669 978 1724 proripuit
995 1681 1043 1710 se
1064 1682 1120 1711 ex
1137 1669 1275 1710 fovea
1290 1674 1385 1709 tam

53 1725 166 1775 alta,
194 1738 283 1779 qua
306 1724 506 1765 libenter
531 1724 907 1779 demergebatur,
936 1731 982 1766 et
1005 1738 1106 1766 cum
1128 1725 1385 1766 miserabili

51 1781 287 1834 voluptate
307 1781 602 1833 caecabatur3
637 1786 683 1822 et
701 1782 905 1823 excussit
925 1782 1123 1823 animum
1139 1781 1253 1823 forti
1272 1788 1383 1822 tem-

51 1838 279 1891 perantia,
302 1843 349 1878 et
364 1838 646 1878 resiluerunt
664 1850 820 1878 omnes
842 1839 1126 1879 Circensium
1145 1839 1308 1880 sordes
1327 1838 1382 1878 ab

53 1906 130 1943 eo,
157 1894 441 1947 ampliusque
466 1894 578 1934 illuc
604 1907 695 1934 non
723 1895 936 1935 accessit.
996 1894 1176 1936 Deinde
1205 1900 1382 1949 patrem

48 1949 354 1991 reluctantem
372 1950 530 1999 evicit,
561 1955 611 1991 ut
627 1963 698 1991 me
717 1952 939 2005 magistro
960 1956 1180 1993 uteretur.
1230 1951 1382 1991 Cessit

48 2007 148 2057 ille,
168 2012 304 2061 atque
324 2006 571 2047 concessit.
617 2006 676 2047 Et
693 2007 851 2048 audire
868 2019 940 2048 me
960 2020 1118 2049 rursus
1138 2008 1379 2060 incipiens,

47 2063 128 2102 illa
144 2076 321 2104 mecum
336 2062 666 2116 superstitione
681 2063 913 2105 involutus
934 2069 1026 2115 est,
1046 2077 1201 2105 amans
1220 2065 1265 2104 in
1283 2064 1379 2103 Ma-

48 2118 253 2160 nichaeis
275 2119 634 2160 ostentationem
653 2120 966 2161 continentiae
979 2151 989 2170 ,
1010 2133 1143 2173 quam
1161 2133 1314 2160 veram
1334 2124 1380 2159 et

48 2188 311 2228 germanam
333 2175 538 2229 putabat.
598 2175 711 2216 Erat
730 2181 882 2217 autem
900 2177 981 2216 illa
999 2189 1160 2216 vecors
1181 2182 1227 2216 et
1246 2175 1373 2215 sedu-

49 2232 217 2284 ctoria,
243 2233 479 2290 pretiosas
512 2231 688 2274 animas
721 2238 930 2287 captans,
965 2232 1164 2273 nondum
1196 2231 1379 2272 virtutis
