1514 2438
222 117 771 163 CONFESSIONUM
799 121 1004 164 LIBER
1033 123 1175 166 Xlll.
1283 127 1364 169 269

37 203 269 258 spiritales
303 206 368 245 tui
401 205 447 244 in
483 206 645 247 eodem
668 207 951 249 firmamento
975 210 1114 263 positi
1140 215 1275 265 atque
1299 213 1364 254 di-

37 261 217 311 stincti,
244 259 485 301 manifesta
509 274 589 315 per
609 265 766 305 orbem
785 266 935 319 gratia
951 270 1030 305 tua
1046 266 1221 308 luceant
1235 282 1365 323 super

40 324 227 368 terram,
249 325 293 357 et
308 316 504 358 dividunt
520 317 636 360 inter
655 320 766 361 diem
786 328 828 361 et
845 328 1029 371 noctem,
1051 330 1094 363 et
1111 322 1368 379 significent

42 380 268 426 tempora;
296 375 401 427 quia
423 381 581 415 vetera
602 379 902 428 transierunt,
927 384 972 418 et
993 391 1100 419 ecce
1119 379 1243 421 facta
1260 388 1366 422 sunt

41 442 162 469 noxa
181 431 224 479 (2
245 430 347 470 Cor.
368 429 407 480 5,
424 431 530 482 11),
557 438 602 472 et
626 434 731 487 quia
748 436 937 487 propior
961 441 1031 475 est
1047 441 1207 477 nostra
1225 438 1364 488 salus,

41 498 174 539 quam
198 499 296 526 cum
323 486 618 539 credidimus,
654 496 699 529 et
723 492 829 544 quia
850 503 942 531 nox
964 494 1238 545 praecessit,
1264 495 1362 535 dies

41 547 192 582 autem
207 542 587 597 adpropinquavit
605 546 754 594 (Rom.
777 547 841 597 13,
861 548 923 586 ll.
947 552 1020 599 s.),
1041 554 1086 588 et
1105 550 1210 603 quia
1225 551 1363 591 bene-

39 597 153 638 dicis
188 610 405 638 coronam
438 602 543 641 anni
566 602 632 641 tui
657 602 752 651 (Ps.
773 602 839 653 65,
861 605 963 653 12.)‚
995 605 1179 646 mittens
1205 619 1363 660 opera-

37 654 133 693 rios
159 655 207 694 in
233 667 426 694 messem
455 662 596 707 tuam,
621 659 667 698 in
695 672 782 712 qua
804 661 1070 701 seminanda
1086 663 1165 702 alii
1184 663 1363 703 labora-

36 716 219 760 verunt,
238 712 424 752 mittens
444 715 582 753 etiam
598 715 644 754 in
663 715 797 756 aliam
816 722 1079 768 sementem,
1101 721 1228 760 cuius
1246 732 1362 760 mes-

37 766 101 806 sis
133 767 180 806 in
204 768 293 806 fine
320 773 403 808 est.
425 769 607 817 (Matth.
635 770 674 821 9,
702 771 768 812 38.
801 772 897 813 ioh.
916 774 956 823 4,
976 773 1041 814 37.
1068 777 1124 826 s.)
1183 776 1252 816 Ita
1278 777 1358 817 das

35 828 144 862 vota
164 824 354 876 optanti,
377 829 423 864 et
438 826 675 867 benedicis
695 841 837 868 annos
856 830 984 880 iusti3
1002 836 1053 870 tu
1071 837 1222 872 autem
1239 832 1362 873 idem

33 878 133 931 ipse
159 891 230 929 es,
256 886 302 919 et
323 881 370 920 in
392 882 521 922 annis
540 883 653 934 tuis,
675 886 861 938 quinon
880 885 1116 938 deficiunt,
1145 887 1362 929 horreum

38 934 118 988 [al.
140 934 310 989 ortum]
331 949 576 991 praeparas
595 941 723 980 annis
742 943 1099 984 transeuntibus.
1159 945 1358 985 Aeterno

36 993 201 1044 quippe
236 993 432 1034 consilio
466 996 664 1048 propriis
689 998 971 1052 temporibus
993 999 1115 1040 bona
1138 1001 1362 1042 coelestia

35 1047 114 1087 das
150 1060 287 1101 super
319 1054 505 1091 terram:
537 1054 751 1105 quoniam
789 1054 972 1108 quidem
1005 1056 1085 1097 alii
1116 1057 1250 1098 datur
1280 1071 1362 1112 per

33 1104 243 1155 spiritum
262 1117 410 1145 sermo
432 1109 706 1160 sapientiae,
724 1115 952 1164 tamquam
969 1111 1184 1154 luminare
1203 1115 1359 1164 maius,

31 1166 221 1213 propter
245 1172 345 1211 eos,
371 1165 447 1216 qui
470 1165 739 1217 perspicuae
764 1168 973 1208 veritatis
1002 1168 1104 1209 luce
1129 1169 1359 1211 delectan-

29 1222 125 1266 tur,
169 1221 399 1271 tamquam
435 1218 482 1259 in
507 1221 729 1275 principio
765 1222 868 1273 diei3
908 1224 988 1264 alii
1021 1230 1173 1265 autem
1206 1239 1357 1267 sermo

32 1272 252 1313 scientiae
280 1275 529 1315 secundum
556 1279 763 1318 eumdem
787 1279 1015 1332 spiritum,
1043 1286 1273 1335 tamquam
1295 1283 1357 1322 lu·

30 1327 200 1368 minare
233 1329 400 1379 minus;
433 1332 511 1371 alii
547 1333 683 1383 fides,
718 1335 798 1373 alii
830 1335 1017 1375 donatio
1055 1338 1356 1389 curationum,

32 1383 112 1422 alii
138 1386 429 1438 operationes
447 1388 686 1439 virtutum,
709 1390 789 1429 alii
807 1389 1069 1444 prophetia,
1097 1393 1175 1433 alii
1195 1393 1358 1434 diiudi-

33 1439 155 1480 catio
190 1442 451 1494 spirituum,
485 1444 621 1483 alteri
654 1457 825 1499 genera
854 1446 1132 1502 linguarum3
1167 1455 1213 1490 et
1244 1448 1358 1492 haec

33 1498 185 1536 onmia
216 1504 447 1552 tamquam
478 1500 645 1541 stellae.
708 1502 871 1542 Omnia
903 1504 1023 1543 enim
1052 1503 1166 1546 haec
1198 1518 1356 1559 opera-

27 1556 103 1591 tur
119 1566 234 1593 unus
254 1558 388 1607 atque
407 1556 529 1596 idem
549 1558 752 1610 spiritus,
769 1559 976 1600 dividens
987 1562 1357 1615 propriaunicui-

28 1620 137 1660 que,
163 1616 300 1662 prout
325 1611 438 1661 vult,
465 1618 511 1652 et
532 1611 707 1654 faciens
732 1615 953 1669 adparere
975 1617 1129 1658 sidera
1145 1619 1194 1659 in
1214 1620 1353 1659 mani-

26 1664 277 1706 festatione
313 1667 369 1706 ad
401 1668 662 1710 utilitatem.
699 1672 743 1720 (l
763 1671 865 1712 Cor.
894 1673 959 1722 12,
987 1674 1027 1714 7.
1048 1676 1130 1726 ss.)
1193 1674 1352 1716 Sermo

26 1726 179 1761 autem
197 1724 439 1774 scientiae,
464 1738 552 1778 qua
571 1727 864 1768 continentur
883 1730 1034 1770 omnia
1051 1737 1352 1783 sacramenta,

28 1789 142 1828 quae
166 1780 400 1819 variantur
424 1784 708 1835 temporibus
732 1788 962 1838 tamquam
984 1786 1106 1837 luna,
1133 1792 1179 1828 et
1203 1794 1352 1828 caete-

24 1844 102 1872 rae
122 1835 313 1875 notitiae
333 1836 571 1889 donorum,
592 1852 706 1894 quae
728 1840 942 1894 deinceps
959 1847 1190 1896 tamquam
1205 1845 1354 1885 stellae

25 1898 407 1931 commemoratae
433 1900 554 1945 sunt,
585 1903 800 1949 quantum
827 1897 1045 1939 differunt
1066 1899 1120 1939 ab
1147 1900 1228 1940 illo
1250 1913 1350 1940 can—

26 1944 138 1985 dore
158 1947 432 1999 sapientiae,
458 1962 546 2003 quo
567 1953 737 2005 gaudet
754 1956 1015 2006 praedictus
1037 1955 1155 2006 dies,
1173 1961 1350 1996 tantum

20 1999 302 2056 inprincipz'a
331 2003 470 2045 noctis
504 2013 620 2048 sunt.
679 2009 766 2050 His
801 2012 920 2051 enim
943 2016 1048 2052 sunt
1070 2013 1348 2062 necessaria,

23 2057 185 2108 quibus
208 2059 287 2099 iile
306 2060 686 2113 prudentissimus
707 2078 864 2107 servus
882 2072 987 2108 tuus
1006 2080 1097 2108 non
1114 2070 1265 2121 potuit
1281 2068 1346 2108 lo-

24 2113 101 2164 qui
125 2117 255 2167 quasi
278 2117 582 2170 spiritalibus,
607 2121 690 2161 sed
713 2123 844 2176 quasi
862 2124 1143 2173 carnalibus,
1168 2124 1248 2164 ille
1271 2126 1348 2178 qui

23 2170 294 2222 sapientiam
325 2172 528 2226 loquitur
558 2177 680 2217 inter
711 2178 959 2231 perfectos.
1018 2180 1237 2220 Animalis
1271 2193 1345 2220 au-

22 2231 112 2265 tem
141 2225 296 2278 homo,
331 2234 561 2284 tamquam
593 2234 806 2287 parvulus
839 2236 884 2276 in
913 2235 1093 2277 Christo
1120 2237 1344 2291 lactisque
