1473 2443
88 132 167 170 242
411 131 684 173 AURELII
713 133 1083 176 AUGUSTINI

173 216 220 257 C.
245 215 385 257 XVII.
445 216 616 257 Dicunt
634 217 774 258 enim:
809 218 1021 267 Quamvis
1041 231 1150 259 vera
1167 219 1258 260 sint
1276 218 1403 270 haec,

86 284 177 312 non
211 284 264 311 ca
286 278 437 312 tamen
463 273 552 313 duo
577 274 767 326 Moyses
791 275 1069 324 intuebatur,
1105 288 1203 315 cum
1232 275 1406 329 Spiritu

85 328 317 367 revelante
348 329 541 368 diceret:
572 328 618 369 in
643 329 864 383 principio
885 330 1006 386 feeit
1026 330 1146 371 Deus
1173 332 1338 371 coelam
1362 338 1406 371 et

85 392 250 423 terram
259 397 277 432 ;
307 396 398 424 uon
423 385 544 425 coeli
560 386 741 426 nomine
761 386 1010 440 spiritalem
1029 387 1101 427 vel
1118 387 1404 427 intellectua-

84 439 174 479 lem
196 439 322 479 illam
340 445 594 481 creaturam
612 453 790 494 semper
806 441 972 482 faciem
989 442 1079 482 Dei
1099 443 1404 497 contemplan-

86 502 178 535 tem
197 496 496 549 significavit,
521 508 605 536 nec
627 501 779 538 terrae
801 499 983 538 nomine
1006 498 1249 539 informem
1265 504 1405 539 mate-

90 552 213 591 riam.
275 551 393 600 Quid
412 553 577 606 igitur}
610 552 742 601 Quod
760 566 842 593 nos
862 554 1303 608 dicimus,inquiunt,
1319 553 1407 594 hoc

88 607 166 647 ille
192 609 260 647 vir
291 608 454 657 sensit,
490 607 576 648 hoc
604 609 754 649 verbis
778 610 881 650 istis
909 610 1117 650 elocutus
1142 616 1224 650 est.
1288 610 1409 659 Quid

91 668 160 703 est
176 663 317 703 illud3
347 663 558 714 Nomine,
579 665 718 714 aiunt,
736 665 856 705 coeli
874 670 920 705 et
938 670 1087 706 terrae
1106 671 1252 706 totum
1269 666 1408 706 istum

90 719 315 759 visibilem
352 720 565 759 mundum
602 722 726 773 prius
764 721 1088 761 universaliter
1126 727 1171 762 et
1205 722 1409 762 breviter

89 775 349 828 significare
370 776 526 825 voluit,
539 781 587 815 ut
607 781 767 829 postea
786 777 1019 830 digereret
1036 777 1209 817 dierum
1229 790 1407 817 enume-

91 833 268 871 ratione
295 832 423 884 quasi
449 833 724 872 articulatim
741 833 973 883 universa,
1000 846 1113 886 quae
1134 838 1291 873 sancto
1312 832 1409 883 Spi-

92 887 200 926 ritui
231 887 402 939 placuit
438 888 503 927 sic
537 890 787 928 enuntiare.
849 889 986 928 Tales
1010 890 1174 942 quippe
1201 887 1409 928 homines

93 947 222 981 erant
243 942 368 982 rudis
392 943 471 983 ille
491 948 625 996 atque
646 944 840 983 carnalis
860 945 1074 998 populus,
1105 946 1177 984 cui
1194 943 1410 997 loqueba-

92 1004 185 1047 tur,
210 1003 260 1037 ut
285 999 349 1037 eis
371 1011 511 1051 opera
526 998 617 1038 Dei
635 1012 725 1039 non
745 1000 833 1039 nisi
851 1001 952 1039 sola
972 1001 1170 1041 visibilia
1188 1011 1411 1040 commen-

92 1053 239 1093 danda
255 1054 493 1094 iudicaret.
555 1057 745 1095 Terram
758 1067 865 1095 vero
885 1056 1162 1096 invisibilem
1181 1061 1227 1096 et
1241 1057 1411 1096 incom-

92 1110 307 1162 positam,
332 1112 715 1163 tenebrosamque
735 1111 970 1163 abyssum,
993 1111 1111 1151 unde
1132 1124 1411 1165 consequen-

89 1172 159 1206 ter
178 1165 448 1216 ostenditur,
467 1178 548 1218 per
565 1166 671 1205 illos
694 1167 790 1206 dies
810 1165 933 1206 facta
950 1172 1084 1220 atque
1103 1168 1327 1220 disposita
1345 1179 1412 1207 es-

91 1234 141 1261 se
161 1226 323 1262 cuncta
339 1223 428 1261 ista
448 1222 658 1270 visibilia,
685 1234 799 1274 quae
818 1227 929 1262 nota
946 1228 1049 1262 sunt
1071 1223 1299 1272 omnibus,
1321 1234 1413 1262 non

91 1278 449 1330 incongruenter
471 1277 713 1318 informem
735 1280 870 1318 istam
895 1280 1131 1318 materiam
1152 1278 1411 1331 intelligen-

91 1332 193 1372 dam
220 1345 322 1373 esse
344 1334 647 1374 consentiunt.
710 1333 828 1381 Quid
848 1334 887 1373 si
905 1334 1026 1373 dicat
1045 1334 1181 1384 alius,
1208 1334 1412 1373 eamdem

90 1387 420 1429 informitatem
445 1388 851 1443 confusionemque
877 1390 1096 1429 materiae
1123 1389 1243 1429 coeli
1262 1394 1307 1429 et
1322 1393 1410 1429 ter-

91 1457 167 1484 rae
187 1446 368 1485 nomine
384 1445 811 1498 pri'usinsinuatam,
829 1445 950 1498 quod
969 1457 1025 1485 ex
1040 1457 1093 1485 ea
1108 1445 1301 1485 mundus
1320 1445 1410 1485 iste

90 1500 283 1540 visibilis
304 1513 403 1540 cum
425 1501 632 1541 omnibus
652 1502 841 1550 naturis,
864 1513 977 1554 quae
995 1502 1042 1540 in
1061 1513 1115 1540 eo
1135 1500 1410 1541 manifestis-

91 1557 203 1596 sime
229 1556 469 1610 adparent,
496 1557 571 1609 qui
599 1557 719 1596 coeli
746 1562 791 1597 et
807 1562 957 1597 terrae
977 1557 1157 1596 nomine
1177 1568 1313 1609 saepe
1333 1556 1407 1595 ad-

90 1612 253 1664 pellari
278 1612 417 1657 solet,
452 1613 662 1652 conditus
687 1617 820 1666 atque
844 1612 1076 1665 perfectus
1101 1611 1194 1651 est‘.t
1227 1611 1347 1659 Quid
1369 1612 1409 1650 si

92 1668 214 1706 dicat
239 1672 284 1706 et
310 1667 447 1717 alius,
477 1669 656 1708 coelum
683 1673 727 1707 et
743 1674 912 1708 terram
932 1667 1112 1721 quidem
1130 1667 1408 1706 invisibilem

90 1723 404 1776 visibilemque
426 1729 631 1763 naturam
650 1736 739 1762 non
755 1724 1021 1763 indecenter
1039 1722 1309 1775 adpellatam
1323 1752 1333 1771 ,
1355 1734 1407 1761 ac

91 1790 169 1830 per
193 1777 279 1817 hoc
301 1778 559 1818 universam
584 1783 856 1828 creaturam,
883 1791 1014 1831 quam
1036 1776 1147 1817 fecit
1167 1779 1214 1817 in
1232 1778 1406 1830 sapien-

88 1833 173 1881 tia,
208 1833 253 1871 id
278 1838 367 1882 est,
401 1834 446 1872 in
474 1835 696 1887 principio
720 1834 866 1883 Deus,
892 1833 1206 1873 huiuscemodi
1231 1833 1406 1873 duobus

92 1889 325 1928 vocabulis
362 1900 462 1928 esse
489 1888 885 1942 comprehensam:
916 1901 1072 1928 verum
1095 1893 1267 1938 tamen,
1302 1890 1406 1941 quia

91 1956 182 1983 non
207 1943 261 1983 de
285 1945 385 1997 ipsa
409 1946 667 1984 substantia
688 1944 798 1994 Dei,
823 1944 903 1984 sed
928 1956 983 1984 ex
1000 1943 1142 1984 nihilo
1164 1948 1326 1983 cuncta
1341 1943 1405 1983 fa-

93 2006 166 2039 cta
183 2004 306 2049 sunt,
332 2000 545 2053 quianon
564 2001 732 2040 suntid
751 2001 897 2052 ipsum
915 2000 1038 2052 quod
1054 1999 1201 2049 Deus,
1227 2004 1272 2039 et
1287 1999 1407 2039 inest

92 2055 314 2107 quaedam
339 2056 619 2096 mutabilitas
646 2056 872 2105 omnibus,
906 2057 1001 2095 sive
1025 2059 1255 2104 maneant,
1291 2056 1409 2094 sicut

90 2117 277 2150 aeterna
295 2111 453 2151 domus
471 2111 573 2161 Dei,
593 2113 686 2151 sive
704 2116 947 2161 mutentur,
967 2113 1085 2151 sicut
1102 2112 1249 2150 anima
1266 2108 1407 2150 homi-

91 2168 158 2205 nis
195 2171 239 2206 et
274 2179 458 2219 corpus,
494 2179 776 2207 communem
812 2169 1009 2207 omnium
1030 2179 1182 2206 rerum
1205 2166 1406 2206 invisibi-

88 2221 197 2261 lium
228 2222 565 2278 visibiliumque
597 2224 831 2266 materiem
862 2221 1008 2266 adhuc
1030 2221 1290 2274 informem,
1326 2220 1405 2263 sed
