1473 2443
103 134 183 175 238
255 134 395 175 AUR.
430 135 712 178 AUGUST.
757 137 945 180 CONF.
978 138 1102 181 LlB.
1135 139 1268 182 XIII.

100 221 467 272 permansionem
490 223 832 274 sempiternam,
857 228 906 263 ut
922 223 971 264 id
989 224 1110 278 quod
1126 229 1175 264 tu
1193 230 1297 279 post
1318 239 1422 279 ope-

100 288 153 315 ra
182 281 261 315 tua
287 275 408 315 bona
430 276 583 328 valde,
619 279 821 331 quamvis
847 291 902 318 ea
927 281 1107 332 quietus
1130 280 1320 333 feceris,
1353 295 1422 323 re-

101 331 318 384 quievisti
349 333 544 385 septimo
581 333 675 384 die,
710 332 796 374 hoc
826 336 1152 389 praeloquatur
1176 337 1308 378 nobis
1334 351 1426 380 vox

100 387 207 427 libri
230 389 319 438 tui,
355 388 477 442 quod
504 393 549 428 et
570 402 653 429 nos
678 395 785 443 post
809 403 949 444 opera
970 397 1148 443 nostra,
1171 393 1276 433 ideo
1304 395 1426 434 bona

99 443 252 492 valde,
287 444 394 496 quia
409 450 460 484 tu
478 445 609 485 nobis
630 458 684 486 ea
703 447 904 498 donasti,
929 448 1120 489 sabbato
1139 449 1260 490 vitae
1278 455 1424 490 aeter-

98 512 182 539 nae
202 501 543 552 requiescamus
561 501 608 540 in
625 507 687 543 te.

182 556 229 595 C.
255 555 487 597 XXXVII.
545 556 695 598 Etiam
725 563 833 599 tunc
857 560 977 600 enim
1000 561 1066 600 sic
1086 561 1352 614 requiesces
1378 565 1426 603 in

99 611 253 660 nobis,
279 612 659 665 quemadmodum
682 627 800 654 nunc
825 617 1030 669 operaris
1048 617 1094 655 in
1112 618 1264 668 nobis3
1298 622 1344 658 et
1359 617 1425 659 ita

101 668 188 706 erit
218 667 299 707 illa
330 669 513 722 requies
544 676 624 719 tua
655 682 736 724 per
768 683 871 721 nos,
907 672 1285 725 quemadmodum
1320 680 1425 714 sunt

98 725 191 763 ista
211 735 350 776 opera
366 730 446 764 tua
462 737 542 779 per
560 738 657 766 nos.
719 728 789 767 Tu
808 732 979 777 autem,
999 727 1217 779 Domine,
1242 741 1422 783 semper

101 781 306 832 operaris
340 785 386 820 et
419 793 598 835 semper
630 784 896 837 requiescis.
957 783 1053 824 Nec
1081 784 1208 829 vides
1233 784 1290 824 ad
1311 791 1422 826 tem-

97 847 203 888 pus,
226 848 310 876 nec
332 838 531 877 moveris
556 837 613 878 ad
635 843 835 892 tempus,
859 851 945 879 nec
968 840 1220 894 requiescis
1238 841 1296 880 ad
1312 846 1421 881 tem-

96 902 201 943 pus;
235 896 280 931 et
313 897 462 932 tamen
486 892 601 934 facis
630 899 675 934 et
696 896 898 935 visiones
924 896 1219 949 temporales,
1253 901 1300 937 et
1321 897 1423 950 ipsa

96 953 318 1000 tempora,
339 954 384 988 et
402 949 601 1001 quietem
621 962 677 991 ex
693 956 914 1005 tempore.

183 1003 230 1043 C.
256 1003 506 1045 XXXVIII.
566 1005 662 1046 Nos
680 1008 834 1060 itaque
852 1009 955 1057 ista,
975 1020 1090 1061 quae
1110 1006 1279 1059 fecisti,
1297 1009 1420 1049 vide-

96 1071 214 1107 mus,
252 1062 359 1112 quia
390 1065 511 1100 sunt:
543 1065 594 1101 tu
620 1068 771 1102 autem
796 1064 902 1116 quia
924 1064 1051 1104 vides
1077 1076 1150 1115 ea,
1184 1069 1303 1105 sunt.
1361 1065 1422 1105 Et

94 1126 180 1153 nos
215 1113 329 1155 foris
362 1116 586 1167 videmus,
622 1119 727 1170 quia
762 1123 886 1168 sunt,
922 1125 968 1158 et
997 1120 1139 1169 intus,
1175 1120 1280 1173 quia
1299 1121 1421 1161 bona

96 1175 220 1210 sunt:
251 1176 302 1210 tu
325 1176 475 1211 autem
501 1172 566 1213 ibi
581 1174 739 1213 vidisti
756 1172 899 1224 facta,
923 1175 1003 1215 ubi
1022 1175 1175 1215 vidisti
1192 1175 1405 1217 facienda

93 1224 153 1265 Et
176 1238 259 1266 nos
283 1227 374 1266 alio
399 1232 607 1280 tempore
629 1230 739 1270 moti
761 1243 915 1269 sumus
935 1230 991 1269 ad
1007 1230 1123 1270 bene
1142 1229 1418 1282 faciendum,

93 1286 258 1334 postea
295 1295 427 1336 quam
461 1286 673 1337 concepit
701 1286 755 1325 de
781 1285 951 1339 Spiritu
983 1291 1063 1326 tuo
1089 1299 1168 1326 cor
1192 1293 1417 1341 nostrum3

94 1338 247 1391 priore
281 1343 432 1379 autem
462 1345 669 1393 tempore
704 1341 762 1380 ad
784 1341 901 1381 male
925 1340 1183 1382 faciendum
1207 1343 1417 1384 moveba-

92 1405 192 1432 mur
227 1393 492 1436 deserentes
528 1401 596 1436 te:
629 1402 679 1436 tu
700 1409 832 1448 vero,
859 1396 985 1437 Deus
1009 1410 1096 1437 une
1120 1397 1260 1449 bone,
1294 1412 1418 1439 num-

95 1462 228 1503 quam
257 1452 452 1491 cessasti
475 1451 592 1492 bene
616 1451 786 1494 facere.
846 1453 904 1493 Et
927 1458 1031 1494 sunt
1054 1454 1275 1507 quaedam
1298 1454 1420 1496 bona

95 1517 237 1558 opera
258 1512 417 1547 nostra
443 1520 499 1548 ex
517 1521 703 1549 munere
724 1508 907 1562 quidem
923 1514 1025 1560 tuo,
1050 1510 1238 1550 sednon
1256 1511 1418 1563 sempi-

93 1566 245 1613 terna3
278 1568 385 1615 post
401 1563 483 1603 illa
501 1576 584 1604 nos
602 1565 893 1618 requieturos
911 1565 959 1605 in
974 1570 1055 1606 tua
1071 1565 1234 1620 grandi
1253 1567 1418 1607 sancti-

94 1617 308 1658 ficatione
327 1631 580 1672 speramus:
612 1625 662 1660 tu
679 1625 851 1671 autem,
873 1622 1043 1662 bonum
1060 1621 1185 1661 nullo
1204 1621 1416 1676 indigens

89 1671 233 1722 bono,
259 1686 438 1728 semper
462 1676 643 1729 quietus
668 1688 732 1726 es,
758 1677 971 1730 quoniam
994 1682 1074 1717 tua
1099 1677 1227 1730 quies
1249 1681 1299 1717 tu
1316 1679 1415 1730 ipse

90 1740 155 1768 es.
215 1729 274 1768 Et
295 1728 382 1770 hoc
405 1731 667 1785 intelligere
694 1733 794 1785 quis
821 1731 1051 1772 hominum
1075 1732 1201 1772 dabit
1214 1730 1416 1786 homini‘ss

91 1783 203 1831 Quis
222 1786 412 1840 angelus
431 1787 623 1840 angelo‘}
655 1787 767 1836 Quis
786 1788 977 1841 angelus
997 1786 1195 1828 homini}
1223 1789 1259 1828 A
1274 1793 1320 1828 te
1338 1801 1414 1842 pe-

87 1844 221 1890 tatur,
241 1841 285 1880 in
303 1846 349 1881 te
369 1848 627 1896 quaeratur,
646 1844 703 1884 ad
719 1847 766 1883 te
783 1843 1006 1895 pulsetur:
1039 1845 1119 1893 sic,
1138 1843 1205 1884 sic
1221 1845 1413 1899 accipie-

88 1900 178 1946 tur,
199 1897 266 1937 sic
284 1896 560 1949 invenietur,
580 1900 647 1940 sic
665 1899 911 1954 aperietur.
968 1899 1126 1949 Amen.
1398 1899 1414 1916 “
