1473 2443
76 144 144 174 xx
490 125 974 170 ARGUMENTUM.

69 215 213 261 primis
239 213 419 249 Geneseos
448 211 570 246 verbis
604 215 758 256 reperta
786 208 990 245 historiam
1023 211 1064 244 de
1089 209 1221 244 mundi
1243 208 1389 254 origine

79 261 260 296 Geneseos
275 272 358 305 cap.
377 264 404 293 l.
424 257 632 301 allegorice
649 258 943 300 interpretatur,
966 267 1118 303 eamque
1137 255 1325 300 transfert
1339 259 1392 291 ad

75 320 131 347 ea,
149 319 245 353 quae
263 307 364 341 Dens
377 305 417 339 in
431 304 588 339 ecclesia
607 302 828 337 Christiana
845 306 897 337 ad
910 302 1072 337 homines
1090 302 1388 348 sanctificandos

78 359 117 388 et
140 355 301 388 beandos
324 356 518 396 operatur,
566 350 762 384 Postremo
790 350 917 396 quiete
940 354 1097 384 aeterna
1113 361 1138 383 α
1161 348 1239 383 Deo
1259 348 1390 396 petita

70 399 191 446 finem
209 399 316 445 operi
330 398 507 444 imponit.
559 397 668 443 (Pag.
687 395 912 438 256-288.)

79 474 121 509 C.
143 479 173 508 l.
220 472 373 506 Invocat
390 473 520 510 Deum,
538 481 690 515 eumque
709 470 832 504 colere
850 470 922 503 sibi
939 469 1129 513 proponit.

79 521 121 555 C.
139 524 170 554 2.
191 567 199 575 ·
221 520 354 553 Omnes
379 521 569 553 creaturae
593 529 643 551 ex
667 516 902 561 plenitudine
926 517 1106 550 bonitatis
1130 515 1276 549 divinae
1305 515 1390 549 sub-

80 614 122 648 C.
141 569 318 646 λειεὲιέιξ..
331 615 360 652 1,
373 614 403 645 3.
416 611 460 644 «le
473 608 790 652 luceintelligitin
801 611 972 643 creatura
981 607 1172 652 spirituali
1182 609 1391 651 conspicua.

81 660 121 693 C.
139 662 172 693 4.
222 659 350 692 Omnia
374 660 498 691 creata
516 659 601 690 sunt
617 657 738 696 gratia
754 656 845 691 Dei.
864 667 937 688 non
954 656 1095 697 egentis
1113 655 1223 688 rebus
1241 656 1392 688 creatis.

82 707 124 740 C.
144 709 176 739 5.
194 752 202 760 ο
225 705 404 746 Agnoscit
420 704 627 737 trinitatem
651 704 691 736 in
724 702 865 736 duobus
884 701 1075 735 Geneseos
1105 702 1274 734 versibus
1292 702 1392 744 prio-

82 799 122 833 C.
141 752 297 833 &nbggr
313 796 478 841 Spiritus
502 803 650 830 sanctus
675 803 979 829 commemoratus
998 794 1048 828 sit
1065 796 1152 838 post
1167 794 1394 828 nominatum

172 843 313 878 coelum
332 847 368 877 et
386 847 532 877 terram.

82 892 122 926 C.
141 893 171 924 7.
221 890 403 933 Spiritum
422 901 448 922 s.
467 901 534 923 nos
551 888 763 932 superferre
780 886 826 921 ad
844 887 975 921 Deum.

81 939 121 971 C.
139 941 168 971 8.
220 937 422 971 Creaturae
454 935 629 970 rationali
660 934 754 968 nihil
778 934 951 967 sufficere
975 933 1022 967 ad
1046 933 1192 969 beatam
1215 935 1392 979 requiem,

173 983 349 1028 quidquid
368 984 449 1016 Deo
467 983 586 1015 minus
604 982 663 1015 sit.

81 1031 122 1065 C.
140 1033 171 1065 9.
223 1030 297 1064 Cur
315 1028 412 1062 solus
429 1028 594 1072 Spiritus
612 1039 641 1061 s.
660 1026 965 1070 superferebatur
981 1037 1092 1070 super
1109 1038 1234 1072 aquas.

80 1078 120 1111 C.
143 1080 194 1110 10.
243 1075 351 1110 Nihil
367 1086 448 1109 esse
466 1079 584 1108 ortum
601 1075 674 1108 nisi
693 1074 786 1107 ‹lono
805 1073 887 1106 Dei.

80 1124 122 1158 C.
144 1127 196 1157 11.
246 1121 424 1165 Symbola
447 1121 629 1155 trinitatis
652 1129 836 1164 nunquam
853 1119 1144 1164 perscrutandae
1170 1121 1209 1155 in
1230 1119 1394 1154 homine·

170 1180 263 1208 csse,
283 1179 402 1208 nosse,
420 1167 529 1202 velle.

80 1216 201 1271 ⁰1¹²:
244 1213 457 1257 Allegorica
467 1214 656 1248 Geneseos
673 1224 753 1257 cap.
775 1217 805 1246 l.
823 1211 1031 1257 explicatio
1052 1213 1096 1247 de
1114 1212 1294 1248 ecclesiae
1313 1216 1394 1247 ortu

81 1308 122 1343 C.
143 1259 711 1343 l§.luslqllginffiissurenovationem
727 1306 766 1340 in
784 1304 851 1340 hac
868 1308 970 1339 terra
987 1317 1059 1339 non
1077 1305 1232 1340 absolvi.

81 1356 121 1390 C.
141 1359 207 1411 ¹42
237 1355 305 1411 ,Ex
328 1355 418 1388 filiis
441 1355 563 1388 noctis
584 1356 623 1388 et
639 1353 877 1387 tenebrarum
893 1352 1014 1387 factos
1033 1363 1115 1386 esse
1130 1352 1229 1386 filios
1246 1351 1342 1387 lucis
1359 1355 1397 1386 et

82 1449 123 1483 C.
143 1403 459 1490 lgilelisslegorica
483 1444 692 1491 explicatio
710 1443 957 1490 firmamenti
971 1447 1010 1480 et
1026 1455 1212 1491 aquarum
1228 1444 1394 1490 superio-

83 1543 125 1576 C.
145 1491 533 1576 lgtunssgxissghsi
548 1536 674 1573 lumen
691 1536 993 1573 incommutabile
1012 1548 1050 1571 se
1068 1538 1177 1571 scire.

84 1589 124 1622 C.
144 1590 196 1621 1⁶1.
244 1585 459 1628 Allegorica
496 1584 704 1630 explicatio
737 1586 782 1619 de
814 1585 917 1619 mari
944 1587 982 1618 et
1015 1589 1118 1618 terra
1147 1581 1395 1625 germinante.

80 1681 122 1715 C.
142 1632 564 1714 19⁶3eslsn3nlnaribus
581 1683 619 1712 et
631 1677 752 1711 stellis
770 1676 878 1715 coeli,
899 1675 955 1709 die
973 1680 1010 1708 et
1024 1679 1144 1707 nocte.
1173 1673 1234 1717 (V.
1256 1676 1307 1706 14.
1327 1673 1394 1715 ss.)

81 1728 123 1762 C.
145 1729 201 1761 19.
250 1726 384 1781 ρωῐιεε
421 1723 587 1758 homines
625 1724 708 1757 fieri
741 1724 891 1766 oportet
922 1720 1061 1754 lumina
1092 1720 1132 1753 in
1164 1720 1394 1752 firmamento

83 1820 124 1855 C.
143 1770 305 1854 zgoelsse
328 1815 524 1861 reptilibus
547 1821 585 1850 et
607 1813 827 1850 volatilibm
859 1814 911 1859 (v.
930 1815 986 1846 20.
1005 1810 1095 1855 ss.),
1127 1814 1298 1855 respecto
1337 1823 1393 1845 sa-

172 1867 359 1900 cramento
379 1863 568 1906 baptismi.

83 1913 123 1947 C.
140 1916 196 1947 21.
245 1911 303 1945 De
320 1910 451 1944 anima
474 1909 584 1951 viva,
607 1906 756 1949 avibus,
778 1903 945 1954 piscibus
963 1906 1015 1952 (ν.
1033 1906 1089 1938 24.
1106 1902 1196 1947 sm),
1221 1907 1392 1947 respecto

174 1959 400 1992 sacramento
418 1955 674 1989 eucharistiae.

82 2006 122 2040 C.
140 2009 194 2040 22.
242 2002 456 2058 Imaginem
479 2001 649 2037 divinam
666 2000 717 2047 (v.
734 1998 808 2045 26.)
834 1998 1106 2043 interpretatur
1123 1994 1168 2030 de
1184 1997 1392 2030 renovatio-

85 2098 126 2133 C.
144 2062 216 2133 *ἐξ
232 2052 424 2150 ”3223qu
441 2097 671 2140 potestatem
694 2091 828 2128 habere
842 2089 932 2139 (ib.)
950 2101 982 2125 ο.
998 2089 1166 2125 iudicare
1184 2088 1392 2132 spirituali-

84 2190 125 2224 C.
142 2147 235 2225 231
250 2143 337 2223 giu?
341 2141 465 2221 ”13¹2le
469 2152 570 2221 liene
595 2184 736 2221 dixerit
758 2181 986 2222 hominibus,
1017 2181 1204 2226 piscibus,
1227 2180 1392 2215 volatili-

175 2237 255 2277 bus,
273 2245 391 2279 neque
409 2233 535 2268 herbis
553 2232 760 2276 ceteri-quo
778 2229 1010 2266 animalibus.
1030 2227 1094 2274 (V.
1113 2227 1186 2270 28.)
