1514 2438
277 107 813 151 CONFESSIONUM
843 107 1049 149 LIBER
1077 108 1214 149 XIII.
1331 108 1411 148 265

82 206 130 235 se
156 206 256 234 esse
277 194 508 248 abyssum.
566 193 695 235 Dicit
713 195 756 234 ei
773 193 887 234 fides
905 206 1026 244 mea,
1051 207 1183 247 quam
1202 193 1412 234 accendi-

82 252 141 291 sti
164 252 211 291 in
235 256 369 291 nocte
395 255 499 290 ante
523 249 667 304 pedes
691 262 839 291 meos:
875 250 1026 299 Quare
1050 251 1197 290 tristis
1218 262 1288 300 es,
1316 251 1409 290 ani-

82 319 153 347 ma
173 320 298 357 mea,
324 312 369 347 et
387 319 526 360 quare
546 307 794 347 conturbas
821 306 920 347 me'}
952 306 1096 360 Spera
1121 307 1167 346 in
1190 306 1407 347 Domino.

82 363 176 412 (Ps.
201 364 270 414 42,
296 363 335 404 5.
365 368 422 414 5.)
461 362 676 403 Lucerna
716 362 910 415 pedibus
949 363 1040 403 tuis
1073 363 1261 403 verbum
1295 363 1408 403 eius.

81 419 247 473 Spera,
277 424 323 460 et
347 431 611 473 persevera,
637 419 787 459 donec
803 424 1010 459 transeat
1028 431 1138 469 nox,
1163 424 1310 459 mater
1326 419 1410 459 ini-

81 488 294 529 quorum,
315 475 462 516 donec
479 479 687 516 transeat
701 475 772 515 ira
787 474 990 525 Domini,
1012 476 1139 515 cuius
1159 475 1243 515 filii
1262 481 1307 515 et
1324 487 1409 515 nos

80 532 249 572 fuimus
283 531 528 586 aliquando
563 531 806 582 tenebrae,
841 544 1031 585 quarum
1062 531 1251 572 residua
1270 529 1410 571 trahi-

80 601 179 628 mus
200 589 248 628 in
266 600 460 642 corpore
479 593 667 641 propter
683 593 922 640 peccatum
938 592 1121 628 mortuo
1134 618 1144 638 ,
1171 588 1317 628 (101166
1335 587 1411 627 3(1-

82 645 227 697 spiret
250 644 370 693 dies,
406 649 451 684 et
474 649 798 684 removeantur
821 644 1021 684 umbrae.
1085 643 1228 698 Spera
1248 644 1296 684 in
1317 642 1410 683 Do-

79 701 220 741 mino.
278 701 414 740 Mane
435 700 646 750 adstabo,
660 704 706 740 et
724 700 1088 753 contemplabor3
1109 712 1288 754 semper
1306 712 1411 740 con-

80 757 247 797 fitebor
263 757 347 797 illi.
407 756 544 797 Mane
564 756 773 806 adstabo,
794 761 840 796 et
856 756 1021 797 videbo
1041 756 1242 797 salutare
1260 756 1412 796 vultus

80 813 193 863 mei,
211 813 361 853 Deum
383 824 555 863 meum,
581 814 659 865 qui
681 813 931 853 vivificabit
955 817 1000 852 et
1017 813 1231 853 mortalia
1250 824 1412 865 corpo-

81 882 134 909 ra
174 875 336 909 nostra
369 874 559 923 propter
592 869 832 922 Spiritum,
876 869 953 923 qui
991 868 1167 909 habitat
1197 870 1243 909 in
1277 869 1411 908 nobis

84 925 234 975 (Rom.
255 924 295 974 8,
317 926 427 976 ll.);
468 926 574 978 quia
607 938 737 978 snper
759 926 953 965 interius
978 932 1186 966 nostrum
1213 924 1411 965 tenebro-

82 994 177 1022 sum
201 980 443 1035 etflaiclam
462 981 828 1022 misericorditer
843 980 1219 1036 superferebatur.
1279 980 1412 1021 Unde

81 1038 129 1077 in
157 1036 242 1077 1136
264 1038 640 1092 peregrinatione
664 1039 829 1092 pignus
855 1038 1134 1090 accepimus,
1167 1043 1218 1078 ut
1238 1039 1330 1078 iam
1354 1037 1412 1077 51-

81 1107 182 1134 111115
200 1094 295 1143 lux,
325 1094 430 1134 dum
448 1092 595 1134 adhuc
614 1106 694 1147 spe
714 1094 830 1134 salvi
847 1092 961 1134 facti
978 1107 1132 1134 sumus
1146 1124 1156 1144 ,
1184 1099 1229 1135 et
1247 1093 1414 1134 11111111-

83 1152 172 1200 615,
209 1155 256 1191 61
281 1151 368 1191 filii
390 1150 506 1200 diei,
531 1162 624 1190 non
650 1150 734 1190 filii
756 1152 906 1191 noctis
933 1162 1082 1199 neque
1102 1152 1414 1200 tenebrarum,

84 1206 207 1261 quod
228 1211 381 1247 tamen
406 1206 589 1247 fuimus.
649 1206 774 1247 Inter
792 1219 906 1261 quos
926 1212 971 1246 et
989 1220 1073 1247 nos
1092 1209 1138 1247 in
1154 1209 1245 1247 isto
1266 1205 1414 1246 adhuc

78 1265 258 1304 incerto
279 1262 501 1303 humanae
521 1263 717 1303 notitiae
735 1268 785 1302 tu
803 1263 930 1302 solus
950 1262 1123 1311 dividis,
1151 1263 1227 1315 qui
1244 1262 1412 1314 probas

82 1319 225 1359 corda
240 1324 414 1368 nostra,
428 1324 474 1358 et
492 1331 630 1358 vocas
649 1319 786 1358 lacem
800 1318 926 1367 diem,
943 1324 986 1358 et
1005 1317 1205 1358 tenebras
1226 1325 1411 1358 noctem.

83 1374 218 1424 (Gen.
241 1376 278 1424 l,
297 1375 336 1415 4.
359 1374 420 1425 5.)
460 1374 572 1423 Quis
595 1376 714 1414 enim
731 1386 815 1414 nos
836 1373 1071 1423 discernit,
1090 1374 1180 1414 nisi
1198 1373 1273 1413 tu'}
1293 1373 1415 1422 Quid

81 1436 234 1470 autem
252 1429 493 1480 habemus,
521 1430 643 1482 quod
661 1442 752 1470 non
770 1431 1028 1483 accepimus
1049 1443 1074 1469 3
1091 1435 1158 1479 16,
1179 1442 1235 1470 ex
1253 1430 1414 1470 eadem

81 1499 232 1527 1113553
254 1499 364 1526 vasa
384 1487 431 1526 111
455 1485 700 1537 honorem,
726 1498 783 1527 ex
806 1498 896 1540 qua
919 1491 1025 1526 sunt
1047 1491 1093 1526 et
1118 1486 1209 1526 alia
1225 1485 1410 1526 13613111

81 1542 431 1584 contumeliam&

166 1599 214 1639 C.
237 1598 338 1639 XV.
396 1600 484 1639 Aut
502 1600 618 1653 quis,
631 1598 722 1638 nisi
739 1603 803 1647 tu,
822 1597 948 1638 Deus
968 1603 1141 1648 noster,
1158 1596 1315 1638 fecisti
1332 1609 1412 1637 110-

80 1656 151 1696 bis
163 1654 503 1710 firmamentum
527 1656 818 1695 auctoritatis
844 1667 981 1708 super
1002 1666 1086 1694 nos
1112 1654 1160 1693 in
1184 1654 1413 1706 scriptura

78 1718 160 1752 tua
178 1711 356 1752 divina?
376 1711 509 1760 (Gen.
530 1713 568 1761 l,
588 1709 626 1751 6.
646 1714 728 1761 55.)
765 1709 943 1751 Caelum
963 1711 1083 1750 enim
1100 1710 1345 1764 plicabitur
1363 1716 1412 1750 ut

78 1768 213 1817 liber,
233 1773 279 1808 et
296 1781 415 1809 nunc
433 1768 553 1809 sicut
569 1767 704 1821 pellis
725 1767 988 1808 extenditur
1006 1779 1143 1820 super
1160 1779 1258 1807 nos.
1298 1765 1410 1807 Sub-

78 1823 276 1864 limioris
310 1826 429 1865 enim
461 1824 751 1864 auctoritatis
787 1828 858 1864 est
886 1828 968 1864 tua
991 1823 1145 1864 divina
1169 1823 1409 1875 scriptura,

80 1893 183 1921 cum
213 1880 304 1919 iam
337 1880 550 1920 obierunt
579 1881 715 1920 istam
745 1884 941 1920 mortem
966 1879 1036 1920 illi
1058 1879 1297 1928 mortales,
1330 1889 1412 1931 per

82 1948 196 1990 quos
221 1948 320 1976 eam
338 1936 616 1989 dispensasti
634 1936 782 1977 nobis.
841 1936 902 1976 Et
918 1942 968 1976 tu
986 1936 1098 1986 5615,
1116 1935 1335 1983 Domine,
1359 1939 1412 1974 tu

80 1993 196 2042 5615,
221 1991 601 2046 quemadmodum
617 1992 813 2046 pellibus
831 1992 1036 2033 indueris
1057 1991 1288 2040 homines,
1309 2002 1410 2030 cum

80 2055 273 2101 peccato
300 2047 520 2088 mortales
543 2048 720 2089 fierent.
780 2048 908 2089 Unde
933 2050 1052 2089 sicut
1069 2048 1236 2103 pellem
1255 2050 1409 2086 exten-

82 2104 190 2144 disti
208 2105 541 2144 firmamentum
557 2104 664 2145 libri
679 2106 768 2154 tui,
789 2105 1044 2145 concordes
1061 2104 1219 2156 utique
1239 2114 1413 2142 sermo-

80 2172 162 2200 nes
184 2165 310 2210 tuos,
337 2172 451 2214 quos
475 2171 557 2212 per
579 2161 842 2200 mortalium
862 2161 1167 2201 ministerium
1192 2170 1408 2210 superpo-

81 2217 216 2258 suisti
240 2216 388 2258 nobis.
448 2215 654 2270 Namque
670 2218 773 2271 ipsa
790 2230 949 2257 eorum
965 2220 1113 2257 morte
1134 2213 1408 2255 solidamen-
