1473 2443
91 112 164 153 162
415 115 682 157 AURELII
711 116 1080 160 AUGUSTINI

87 210 253 248 meum,
287 210 370 238 nec
388 197 613 250 faciebas,
650 199 787 241 credo
812 204 1131 245 commendans
1153 204 1399 245 memoriae

85 266 233 303 meae,
270 254 344 294 vel
366 253 454 295 hoc
475 268 565 296 uno
591 257 862 297 documento
888 260 1032 300 omnis
1057 260 1399 300 consuetudinis

86 310 330 359 vinculum,
370 312 506 351 etiam
538 311 755 352 adversus
785 318 1001 365 mentem,
1070 328 1154 355 uae
1186 316 1276 355 iam
1307 327 1398 355 non

85 364 239 405 fallaci
255 365 393 406 verbo
415 368 628 419 pascitur.
658 367 817 409 Visum
836 371 971 410 etiam
987 372 1097 411 miii
1117 376 1200 421 est,
1218 376 1268 411 ut
1283 372 1398 413 irem

85 421 298 470 lavatum,
311 423 432 474 quod
445 424 677 463 audieram
694 424 799 464 inde
817 425 992 468 balneis
1005 439 1168 467 nomen
1185 427 1395 477 inditum;

86 477 191 530 quia
211 476 375 516 Graeci
393 478 614 529 βαλανεῖον
632 479 848 530 dixerint,
871 481 992 533 quod
1010 483 1287 522 anxietatem
1305 482 1396 535 pel-

85 533 149 572 lat
181 544 236 572 ex
263 533 427 574 animo.
486 534 606 574 Ecce
633 540 677 574 et
699 533 786 575 hoc
810 536 1033 577 confiteor
1053 538 1397 578 misericordiae

85 594 211 637 tuae,
231 593 360 642 pater
378 588 698 643 orphanorum,
720 592 930 644 quoniam
948 592 1053 643 lavi,
1074 599 1119 633 et
1135 594 1240 633 talis
1260 604 1398 642 eram,

86 643 232 696 qualis
265 645 527 698 priusquam
548 646 775 686 lavissem.
834 646 990 700 Neque
1016 648 1134 688 enim
1163 648 1402 688 exsudavit

86 699 140 739 de
162 699 299 740 corde
316 712 417 740 meo
437 703 660 742 moeroris
681 702 948 743 amaritudo.
1007 703 1185 744 Deinde
1205 703 1399 744 dormivi

85 760 130 794 et
153 754 386 808 evigilavi,
411 761 456 796 et
478 769 568 796 non
592 769 731 810 parva
753 769 809 797 ex
829 763 955 811 parte
974 759 1229 813 mitigatum
1246 758 1399 798 inveni

85 810 292 850 dolorem
322 823 489 863 meum3
520 817 655 866 atque
689 818 738 853 ut
771 825 893 853 eram
916 814 961 854 in
986 814 1104 854 lecto
1127 826 1230 854 meo
1255 814 1395 862 soluS,

84 867 350 906 recordatus
384 881 482 909 sum
514 868 743 909 veridicos
776 881 935 910 versus
961 870 1189 910 Ambrosii
1207 870 1294 911 tui:
1327 870 1398 909 Tu

85 934 132 962 cs
154 934 270 962 enim

427 992 546 1034 Deus
565 1001 740 1035 creator
757 994 961 1044 omnium,

423 1048 604 1102 Polique
622 1057 780 1099 rector,
800 1050 981 1091 vestiens

426 1102 551 1144 Diem
570 1105 724 1145 decoro
743 1105 915 1155 lumine,

426 1158 606 1200 Noctem
624 1173 784 1214 sopora
797 1161 966 1216 gratia,

422 1229 558 1269 Artas
575 1231 737 1271 solutos
755 1238 805 1271 ut
821 1230 938 1284 quies

422 1285 596 1326 Reddat
611 1285 772 1327 laboris
792 1286 901 1336 usui,

424 1339 677 1396 Mentesque
681 1341 830 1398 fessas
851 1343 1028 1391 adlevet,

422 1396 670 1452 Luctusque
686 1399 827 1438 solvat
838 1397 1005 1439 anxios.

82 1481 225 1533 Atque
245 1480 349 1521 inde
368 1481 583 1535 paulatim
601 1482 876 1523 reducebam
892 1483 938 1522 in
956 1482 1195 1536 pristinum
1214 1493 1394 1523 sensum

83 1536 294 1577 ancillam
310 1542 449 1586 tuam,
469 1540 951 1592 conversationemque
972 1539 1068 1578 eius
1086 1539 1203 1592 piam
1221 1538 1267 1577 in
1284 1543 1330 1578 te
1351 1543 1396 1578 et

82 1597 238 1631 sancte
261 1593 307 1632 in
332 1605 414 1633 nos
437 1593 649 1634 blandam
667 1598 801 1648 atque
818 1595 1111 1647 morigeram,
1137 1606 1224 1646 qua
1243 1593 1392 1633 subito

82 1646 327 1688 destitutus
360 1662 475 1699 sum3
536 1654 582 1689 et
611 1649 746 1689 hbuit
765 1648 875 1689 flere
897 1650 944 1688 in
967 1654 1213 1701 conspectu
1234 1653 1314 1688 tuo
1339 1648 1394 1688 de

81 1701 161 1741 illa
179 1708 224 1742 et
240 1716 321 1757 pro
342 1704 435 1754 illa,
455 1705 509 1744 de
529 1716 598 1745 me
618 1709 664 1744 et
679 1717 760 1758 pro
779 1717 864 1745 me.
924 1704 982 1744 Et
1000 1704 1151 1744 dimisi
1169 1704 1395 1754 lacrimas,

81 1769 191 1810 quas
211 1759 512 1807 continebam,
532 1764 580 1800 ut
598 1759 846 1809 effluerent,
861 1764 1075 1812 quantum
1090 1759 1274 1808 vellent,
1294 1760 1396 1800 sub-

81 1817 288 1854 sternens
307 1826 384 1854 eas
403 1815 532 1855 cordi
548 1827 669 1865 meo3
702 1819 747 1855 et
762 1815 988 1868 requievit
1004 1815 1050 1854 in
1070 1815 1156 1863 eis,
1182 1815 1393 1868 quoniam

79 1867 143 1907 ibi
162 1874 290 1908 erant
309 1881 441 1909 aures
459 1875 580 1919 tuae,
599 1883 688 1909 11011
707 1870 968 1923 cuiusquam
986 1868 1180 1909 hominis
1201 1869 1393 1923 superbe

80 1924 421 1977 interpretantis
459 1925 685 1978 ploratum
715 1938 877 1966 meum.
935 1926 994 1965 Et
1009 1939 1144 1975 nunc,
1179 1925 1389 1974 Domine,

79 1979 303 2020 confiteor
318 1980 402 2020 tibi
419 1980 463 2019 in
483 1980 644 2020 literis.
690 1980 839 2034 Legat
857 1981 931 2034 qui
949 1981 1087 2030 volet,
1110 1986 1154 2020 et
1170 1981 1389 2032 interpre-

77 2038 198 2074 tetur
219 2040 269 2075 ut
291 2036 431 2084 volet,
468 2040 513 2075 et
536 2036 575 2075 si
596 2041 833 2088 peccatum
849 2037 1090 2085 invenerit,
1115 2035 1295 2075 flevisse
1317 2047 1387 2075 me

76 2095 266 2131 matrem
306 2092 472 2144 exigua
507 2096 634 2145 parte
674 2090 835 2141 horae,
872 2097 1062 2132 matrem
1095 2091 1240 2130 oculis
1271 2091 1386 2130 meis

77 2146 255 2186 interim
271 2152 516 2197 mortuam,
542 2159 656 2200 quae
674 2147 744 2187 me
762 2148 929 2198 multos
948 2158 1090 2187 annos
1109 2145 1315 2196 fleverat,
1339 2152 1389 2185 ut

76 2202 219 2243 oculis
251 2203 340 2243 tuis
379 2203 593 2255 viverem,
625 2215 715 2244 11011
739 2203 945 2255 irrideat3
977 2201 1057 2244 sed
1079 2203 1230 2257 potius
1254 2202 1293 2242 si
1318 2207 1388 2242 est
