1514 2438
290 120 820 166 CONFESSIONUM
853 120 1056 162 LIBER
1084 118 1139 160 V.
1327 118 1381 156 Τι’

56 216 236 256 scentes
249 242 259 262 ,
285 215 332 253 et
346 207 631 251 transferunt
647 219 696 248 se
716 206 773 247 ad
793 206 952 256 alium,
967 203 1237 246 desertores
1258 200 1383 252 fidei,

57 276 103 310 et
134 268 297 323 quibus
327 278 436 320 prae
465 265 689 318 pecuniae
716 263 906 304 caritate
929 262 1110 307 iustitia
1132 259 1237 300 vilis
1264 260 1383 300 est.“

61 326 235 366 Oderat
254 323 391 363 etiam
408 322 524 361 istos
544 332 625 360 cor
639 331 810 369 meum,
839 318 1043 371 quamvis
1065 330 1156 358 non
1172 315 1382 369 perfecto

62 382 185 421 odio.
247 378 383 428 Quod
407 379 526 418 enim
546 376 600 416 ab
621 376 688 417 eis
704 387 922 428 passurus
944 387 1087 423 eram,
1110 373 1258 426 magis
1279 371 1385 411 ode-

61 451 160 478 ram
181 435 405 483 fortasse,
432 446 565 487 quam
590 444 643 471 eo
659 462 669 481 ‚
700 431 820 484 quod
847 430 1037 471 cuilibet
1059 429 1225 469 illicita
1247 426 1386 466 facie-

61 494 184 533 bant.
246 491 380 531 Certe
403 495 556 529 tamen
573 493 729 540 turpes
750 493 855 527 sunt
872 487 1010 535 tales,
1040 492 1086 526 et
1102 484 1390 525 fornicantur

63 550 143 589 abs
166 553 211 588 te
231 546 422 587 amando
442 545 644 584 volatica
661 543 859 587 ludibria
875 548 1132 595 temporum
1152 545 1198 581 et
1213 540 1391 580 lucrum

61 606 250 652 luteum,
271 602 394 656 quod
410 614 511 641 cum
530 598 889 652 adprehenditur
905 611 1087 638 manum
1101 596 1325 650 inquinat,
1346 600 1393 634 et

64 658 382 713 amplectendo
417 656 633 697 mundum
667 655 943 709 fugientem,
976 651 1309 694 contemnendo
1344 655 1389 690 te

61 721 321 757 manentem
353 719 398 754 et
421 718 736 761 revocantem,
769 716 814 751 et
835 712 1155 764 ignoscentem
1178 707 1393 748 redeunti

64 772 122 813 ad
143 778 189 812 te
213 770 445 811 meretrici
464 769 641 809 animae
665 766 904 807 humanae,
965 766 1024 806 Et
1041 778 1160 805 nunc
1179 765 1294 804 tales
1316 762 1390 802 odi

62 840 228 883 pravos
244 832 290 867 et
300 826 536 874 distortos,
551 824 753 877 quamvis
768 836 847 863 eos
868 821 1169 876 corrigendos
1190 820 1395 872 diligam,

65 890 116 924 ut
149 883 370 937 pecuniae
403 881 658 921 doctrinam
680 880 827 932 ipsam
853 891 986 933 quam
1011 879 1193 919 discunt
1215 874 1393 930 praefe-

64 946 188 989 rant,
213 939 257 979 ei
274 950 382 978 vero
403 943 469 987 te,
491 936 659 986 Deum,
678 936 921 975 veritatem
941 940 987 975 et
1004 934 1261 974 ubertatem
1280 931 1397 970 certi

64 996 176 1035 boni
195 1000 240 1035 et
256 1006 417 1047 pacem
436 993 753 1033 castissimam.
800 991 892 1032 Sed
908 996 1015 1031 tunc
1035 1003 1115 1030 eos
1133 989 1281 1042 magis
1301 986 1399 1040 pati

68 1051 282 1091 nolebam
298 1050 445 1090 malos
460 1053 649 1103 propter
665 1060 757 1098 me,
783 1059 916 1102 quam
934 1047 1036 1087 fieri
1053 1050 1242 1101 propter
1253 1049 1299 1084 te
1317 1043 1396 1083 bo-

67 1119 151 1149 nos
169 1107 394 1147 volebam.

153 1163 207 1203 C.
235 1162 363 1202 XllI.
424 1160 582 1214 Itaque
610 1166 775 1214 postea
799 1172 932 1214 quam
956 1159 1147 1199 missum
1173 1162 1244 1198 est
1262 1155 1400 1196 aMe-

72 1219 256 1260 diolano
277 1219 466 1258 Romam
493 1218 549 1257 ad
572 1217 855 1270 praefectum
877 1215 1003 1255 urbis
1017 1245 1028 1265 ,
1063 1220 1114 1255 ut
1136 1214 1205 1253 illi
1225 1211 1402 1253 civitati

70 1275 333 1316 rhetoricae
362 1274 585 1326 magister
615 1274 958 1326 provideretur,
991 1270 1227 1323 impertita
1262 1268 1403 1308 etiam

75 1332 315 1371 evectione
334 1330 532 1383 publica,
554 1342 640 1382 ego
660 1331 759 1382 ipse
779 1328 947 1368 ambivi
965 1339 1046 1379 per
1064 1326 1254 1366 eosdem
1271 1323 1401 1376 ip'sos

72 1385 358 1428 Manichaeis
394 1385 670 1425 vanitatibus
705 1385 858 1424 ebrios
873 1414 883 1433 ,
918 1382 1081 1437 quibus
1113 1386 1164 1421 ut
1197 1391 1403 1420 carerem

74 1444 215 1493 ibam3
258 1442 340 1482 sed
376 1441 557 1493 utrique
592 1441 934 1488 nesciebamus,
975 1443 1026 1477 ut
1062 1438 1263 1477 dictione
1298 1448 1401 1488 pro-

73 1499 228 1553 posita
243 1510 315 1539 me
334 1497 576 1550 probatum
594 1495 856 1548 praefectus
874 1502 981 1534 tunc
994 1491 1292 1547 Symmachus
1303 1491 1404 1531 mit-

73 1559 209 1595 teret.
271 1554 330 1594 Et
360 1553 467 1592 veni
484 1552 799 1592 Mediolanum
829 1551 884 1590 ad
902 1550 1190 1590 Ambrosium
1224 1548 1402 1600 episco-

74 1623 202 1664 pum,
228 1610 275 1649 in
304 1609 488 1662 optimis
514 1614 672 1648 notum
692 1608 793 1648 orbi
816 1612 992 1655 terrae,
1028 1606 1153 1659 pium
1179 1604 1404 1644 cultorem

74 1674 222 1714 tuum,
259 1666 388 1705 cuius
413 1670 522 1705 tunc
548 1665 733 1718 eloquia
757 1669 941 1704 strenue
966 1661 1287 1702 ministrabant
1310 1659 1403 1699 adi-

74 1735 178 1776 pem
201 1721 419 1762 frumenti
444 1721 533 1770 tui,
565 1726 610 1760 et
627 1721 853 1760 laetitiam
881 1719 994 1767 olei,
1023 1723 1068 1758 et
1086 1717 1287 1758 sobriam
1310 1716 1407 1755 vini

75 1779 345 1818 ebrietatem
368 1777 538 1830 populo
566 1782 662 1817 tuo.
712 1776 780 1816 Ad
807 1789 908 1816 eum
930 1782 1080 1815 autem
1106 1773 1306 1813 ducebar
1325 1772 1405 1811 abs

72 1841 119 1875 te
139 1835 365 1883 nesciens,
384 1839 434 1873 ut
450 1845 530 1886 per
549 1845 651 1873 eum
671 1833 728 1872 ad
746 1838 791 1872 te
811 1833 961 1872 sciens
990 1832 1198 1872 ducerer.
1243 1828 1405 1869 Susce-

72 1891 142 1944 pit
175 1902 246 1930 me
279 1894 468 1943 paterne
497 1889 577 1929 ille
611 1888 745 1929 homo
765 1888 874 1938 Dei,
912 1893 958 1927 et
986 1885 1406 1942 peregrinationem

72 1959 222 1987 meam
241 1946 352 1986 satis
373 1946 699 1998 episcopaliter
718 1945 893 1985 dilexit.
933 1944 992 1983 Et
1011 1956 1112 1983 eum
1132 1953 1283 1982 amare
1303 1951 1405 1979 coe-

75 2003 145 2055 pi,
163 2003 310 2055 primo
332 2001 515 2054 quidem
535 2014 625 2041 non
639 2006 869 2054 tamquam
889 2001 1130 2040 doctorem
1147 1998 1262 2046 veri,
1284 1994 1407 2049 quod

74 2059 124 2098 in
157 2058 357 2098 ecclesia
390 2062 469 2096 tua
499 2069 687 2109 prorsus
716 2056 1038 2110 desperabam,
1073 2055 1155 2095 sed
1177 2060 1408 2104 tamquam

76 2111 306 2154 hominem
338 2113 586 2166 benignum
617 2115 664 2153 in
695 2126 781 2153 me.
841 2113 900 2152 Et
934 2112 1139 2152 studiose
1167 2107 1408 2148 audiebam

80 2169 388 2223 disputantem
406 2169 453 2208 in
471 2168 657 2221 populo,
670 2181 759 2209 non
778 2169 1035 2209 intentione
1056 2179 1145 2220 qua
1163 2164 1313 2212 debui,
1326 2160 1409 2202 sed

80 2226 213 2280 quasi
231 2226 473 2279 explorans
488 2225 585 2266 eius
599 2222 874 2273 facundiam,
894 2230 1044 2265 utrum
1064 2221 1331 2262 conveniret
1344 2217 1408 2257 fa-
