1473 2443
51 162 135 190 xvi
474 143 956 187 ARGUMENTUM.

53 232 93 265 C.
117 235 170 265 13.
221 231 296 264 Pro
322 230 486 274 peccatis
511 230 589 262 eius
614 229 834 272 deprecatur
850 228 970 261 Deum
987 225 1233 269 admonetque
1249 226 1363 258 lecto-

143 289 216 318 res,
235 280 276 310 nt
293 278 372 311 eius
390 277 451 319 pie
470 276 713 309 meminerint.

433 361 637 402 LIBER
663 360 750 401 DE
763 359 924 401 CIMU
935 359 980 402 S.

121 428 319 474 Professus
350 428 475 475 qualis
500 426 626 473 fuerit
652 431 689 460 et
711 426 832 472 qualis
854 425 905 460 sit
928 423 1093 459 ostendit
1116 421 1363 468 confesszom's

52 489 139 511 suae
157 486 334 519 magnum
348 474 538 520 fructum,
558 478 595 507 et
611 473 869 517 disputaturus
885 483 957 517 qua
974 470 1125 504 ratione
1144 470 1239 504 Deus
1255 475 1292 503 et
1308 468 1361 502 vi·

56 529 97 558 ta
114 524 226 557 beata
241 523 455 566 reperiatur
470 520 616 553 uberius
642 522 682 553 de
699 524 839 552 natura
860 524 897 552 et
913 517 953 552 vi
966 518 1168 551 memoriae
1188 516 1364 562 loquitur.

55 570 198 604 Deinde
216 568 396 613 disquirit
415 569 455 601 de
473 565 620 600 actibus
639 591 648 606 ,
665 564 825 599 sensibus
843 569 879 598 et
896 562 1095 608 affectibus
1110 562 1185 597 suis
1202 574 1218 595 e
1236 560 1364 607 tripli-

54 616 90 650 ci
112 614 337 649 tentationis
365 624 495 658 genere
520 612 721 656 spectatis,
742 610 1015 655 Dominamque
1031 621 1146 643 unum
1158 608 1231 643 Dei
1247 606 1365 641 homi·

55 673 210 707 numque
223 660 468 695 mediatorem
486 659 658 692 celebrat.
710 657 819 701 (Pag.
839 655 1064 699 165—206.)

58 709 97 742 C.
119 712 148 742 l.
196 706 241 740 In
258 706 336 740 solo
355 707 435 740 Deo
454 716 540 749 spes
557 707 594 737 et
611 704 782 746 gaudium
801 703 968 735 hominis.

58 755 99 788 C.
118 757 150 787 2.
200 754 281 786 Deo
301 753 421 786 omnia
442 752 641 785 manifesta
658 761 750 789 esse,
769 750 877 791 eique
895 748 1063 782 confiteri
1080 758 1151 780 non
1169 747 1229 788 agi
1246 746 1369 778 verbis

147 800 282 838 carnis,
302 800 367 832 sed
381 799 523 832 animae
543 799 580 830 et
597 795 755 830 clamore
774 795 1021 836 cogitationis.

59 846 99 880 C.
115 851 145 881 3.
197 846 265 883 Qui
284 847 377 878 bene
396 845 590 877 confitetur
609 842 701 882 Deo,
723 842 860 885 optime
875 851 913 873 se
932 840 1132 881 cognoscit.

60 893 99 926 C.
117 895 150 925 4.
200 892 305 930 Quod
323 891 552 924 confessione
572 900 636 922 sua
653 889 747 921 bene
766 888 878 920 etiam
895 885 979 919 aliis
998 884 1234 919 consuluerit.

92 963 100 970 .
119 941 152 971 5.
201 939 395 971 Hominem
416 948 455 970 se
473 939 589 969 totum
606 946 677 968 non
694 945 814 968 nosse.

94 1008 102 1016 .
122 987 152 1018 6.
202 986 261 1019 De
280 994 403 1017 amore
421 983 512 1022 Dei,
538 983 617 1015 eius
634 984 767 1014 natura
784 980 953 1013 omnibus
971 978 1150 1011 creaturis
1168 976 1371 1020 superiore,

150 1033 189 1065 et
204 1032 413 1073 cognitione
430 1040 601 1063 sensuum
618 1030 656 1061 et
671 1027 826 1060 rationis
843 1037 911 1059 usu
927 1025 1102 1068 paranda.

96 1104 103 1112 .
122 1081 156 1112 7.
207 1078 327 1111 Deum
345 1076 505 1119 reperiri
520 1085 637 1117 neque
655 1074 690 1106 vi
709 1073 886 1116 corporis,
905 1082 1024 1114 neque
1042 1071 1197 1103 animae.

95 1150 103 1158 .
123 1129 153 1159 8.
204 1125 262 1157 De
279 1126 411 1156 natura
428 1127 466 1155 et
483 1120 699 1154 admiranda
716 1120 750 1153 vi
766 1120 974 1152 memoriae.

95 1195 102 1203 .
118 1173 150 1205 9.
197 1169 284 1203 Non
307 1169 413 1202 modo
438 1179 516 1207 reS,
541 1167 604 1200 sed
631 1168 742 1200 etiam
770 1163 989 1208 disciplinae
1015 1166 1053 1196 et
1069 1162 1247 1205 imagines
1264 1171 1376 1195 ame-

151 1217 268 1251 moria
285 1217 482 1258 capiuntur
496 1217 533 1247 et
549 1213 777 1247 recordando
792 1211 1044 1255 proferuntur.

126 1267 180 1297 10.
231 1260 467 1305 Disciplinae
492 1261 531 1293 in
556 1260 765 1293 memoriam
797 1269 868 1290 non
892 1257 1179 1290 introducuntur
1202 1265 1271 1298 per
1295 1265 1378 1286 sen-

155 1321 227 1350 sus,
247 1309 313 1342 sed
330 1319 380 1341 ex
398 1308 476 1341 eius
495 1307 679 1340 abditiore
696 1304 777 1338 loco
795 1306 988 1340 eruuntur.

60 940 88 1019 6565

124 1360 176 1390 11.
228 1354 324 1394 Quid
342 1355 391 1388 sit
410 1354 565 1392 discere,
583 1354 620 1385 et
638 1352 811 1393 cogitare.

97 1427 104 1434 .
125 1405 178 1435 12.
227 1402 285 1435 De
299 1411 421 1433 rerum
439 1399 776 1432 mathematicarum
795 1395 981 1429 memoria.

97 1473 105 1481 .
127 1451 179 1482 13.
228 1447 408 1481 Memoria
425 1446 547 1478 omnia
560 1446 743 1478 tenentur.

96 1519 104 1526 .
125 1498 176 1529 14.
226 1495 284 1527 De
308 1493 472 1531 ratione,
498 1502 569 1534 qua
591 1490 737 1525 laetitia
763 1491 799 1522 et
823 1488 981 1521 tristitia
1004 1486 1050 1520 ad
1075 1487 1233 1519 animum
1253 1488 1290 1519 et
1305 1496 1378 1518 me-

156 1541 309 1573 moriam
326 1539 547 1572 referantur.

99 1611 105 1619 .
130 1589 184 1620 15.
231 1586 276 1619 In
294 1586 470 1618 memoria
488 1585 573 1617 sunt
587 1583 698 1616 etiam
716 1582 896 1622 imagines
914 1591 1033 1613 rerum
1053 1590 1143 1621 quae
1161 1580 1306 1611 absunt.

99 1659 106 1666 .
127 1634 179 1665 16.
228 1631 429 1664 Memoriae
456 1629 616 1673 privatio
642 1630 700 1661 est
725 1626 883 1665 oblivio,
917 1637 1008 1668 quae
1033 1628 1070 1658 et
1094 1625 1177 1667 ipsa
1201 1624 1377 1657 memoria

153 1681 311 1712 tenetur.

95 1749 102 1756 .
120 1726 174 1757 17.
224 1724 274 1756 Vi
291 1722 508 1760 memoriae,
532 1731 638 1764 quam
658 1718 795 1752 habent
812 1720 849 1750 et
864 1728 1000 1761 pecora
1014 1719 1052 1749 et
1067 1726 1164 1755 aves,
1184 1716 1287 1749 Deus
1306 1727 1377 1748 non

155 1772 281 1814 potest
299 1769 444 1809 attingi.

97 1840 103 1847 .
124 1821 176 1850 18.
225 1816 299 1848 Res
316 1815 467 1857 perdita
482 1823 555 1845 non
573 1811 819 1849 inveniretur,
838 1810 911 1842 nisi
929 1808 1104 1842 memoria
1121 1811 1321 1841 teneretur.

98 1887 104 1893 .
126 1865 182 1896 19.
232 1862 327 1900 Quid
346 1861 395 1892 sit
413 1859 610 1892 reminisci.

98 1933 105 1939 -
121 1912 176 1942 20.
226 1909 346 1941 Deum
365 1908 403 1939 et
420 1907 565 1938 beatam
581 1905 695 1937 vitam
713 1915 784 1937 non
802 1901 1151 1946 quaere1·emus‚nisi
1170 1912 1372 1934 nossemus

102 1981 109 1988 .
129 1959 185 1987 21.
236 1955 314 1992 Quo
329 1952 436 1985 modo
452 1953 563 1984 beata
577 1951 654 1983 vita
671 1951 904 1983 contineatur
921 1948 1103 1980 memoria.

101 2026 108 2033 .
127 2005 183 2034 22.
229 2001 347 2033 Beata
362 2000 440 2031 vita
456 2000 513 2031 est
530 1997 689 2038 gaudere
709 1997 752 2028 de
770 1996 852 2028 Deo
871 1996 909 2027 et
925 1996 1081 2036 propter
1100 1994 1230 2026 Deum.

102 2072 109 2079 .
131 2051 185 2080 23.
235 2047 367 2079 Omnes
384 2043 513 2076 volunt
532 2044 575 2076 de
593 2043 751 2075 veritate
770 2040 943 2083 gaudere.

99 2117 107 2125 .
125 2096 181 2128 24.
231 2093 300 2130 Qui
319 2091 459 2124 invenit
475 2090 682 2127 veritatem,
701 2088 842 2121 invenit
859 2087 990 2118 Deum.

101 2164 109 2172 .
127 2142 182 2173 25.
232 2138 378 2172 Gaudet
396 2137 491 2179 quod
509 2146 574 2168 sua
591 2136 628 2167 in
645 2134 820 2166 memoria
838 2133 939 2165 Deus
959 2130 1110 2164 habitet.

103 2211 110 2218 .
130 2188 186 2220 26.
232 2185 381 2226 Ubique
399 2185 499 2216 Deus
519 2179 798 2215 consulentibus
815 2180 935 2221 ipsum
953 2178 1168 2220 respondet.

102 2258 108 2265 .
129 2235 182 2267 27.
230 2229 344 2265 Dolet
363 2230 458 2274 quod
477 2232 551 2263 tam
571 2228 629 2261 diu
649 2238 669 2260 a
686 2226 766 2260 Deo
786 2225 959 2260 abfuerit.

63 1725 91 1758 0
64 1586 92 1665 00
63 1355 102 1527 0000
63 1263 90 1297 0
61 1078 90 1204 000

64 1815 96 2265 0000000000
