1514 2438
320 101 856 144 CONFESSIONUM
886 101 1092 143 LIBER
1121 101 1176 141 X.
1326 100 1404 144 165

491 245 837 303 LIBER
921 244 998 303 X.

174 355 220 395 C.
243 355 278 396 Ι.
339 355 626 411 Cognoscam
642 359 712 405 te,
752 354 934 408 genitor
951 366 1102 404 meus,
1129 365 1405 407 cognoscam

87 416 149 461 te,
168 411 287 452 sicut
305 416 351 452 et
367 413 578 466 cognitus
597 425 709 452 sum.
754 410 912 451 Virtus
931 412 1105 451 animae
1125 421 1269 459 meae,
1287 409 1408 448 intra

86 468 134 508 in
166 479 284 518 eam,
318 472 363 508 et
387 473 551 521 coapta
572 467 677 517 tibi,
710 472 760 507 ut
782 465 952 508 habeas
978 472 1024 506 et
1045 465 1284 520 possideas
1308 466 1405 505 sine

86 523 265 564 macula
283 528 329 564 et
344 536 473 578 ruga.
524 524 654 564 Haec
675 528 744 564 est
763 535 866 576 spes
884 535 1005 574 mea3
1038 523 1142 563 ideo
1162 522 1341 575 loquor,
1363 529 1408 560 et

86 579 133 619 in
156 592 210 620 ea
226 592 305 634 spe
324 581 526 634 gaudeo,
553 580 732 634 quando
751 592 908 619 sanum
926 579 1120 633 gaudeo.
1181 578 1408 617 Caetera

86 648 212 676 vero
242 639 384 677 vitae
416 635 571 677 huius
595 642 744 676 tanto
769 636 939 676 minus
964 634 1167 685 flenda,
1208 639 1403 687 quanto

85 693 251 746 magis
291 692 478 743 fletur3
513 698 563 733 et
600 698 741 732 tanto
771 691 938 745 magis
966 690 1168 740 flenda,
1209 695 1404 744 quanto

84 749 254 789 minus
284 748 453 789 fletur
480 750 530 789 in
563 751 653 788 eis.
712 748 831 789 Ecce
853 749 972 787 enim
987 748 1228 787 veritatem
1247 746 1405 787 dilexi-

86 806 164 855 sti3
197 807 411 857 quoniam
444 806 520 858 qui
550 804 662 844 facit
686 816 803 854 eam,
837 805 962 845 venit
983 803 1041 844 ad
1063 803 1224 842 lucem.
1282 801 1403 842 Volo

86 872 186 900 eam
206 860 361 901 facere
379 862 426 901 in
444 861 581 901 corde
599 872 700 901 meo
721 872 874 902 coram
890 865 936 900 te
954 862 1002 900 in
1016 857 1328 909 confessione3
1358 857 1407 896 in

87 917 193 957 stilo
215 922 367 958 autem
382 929 486 957 meo
507 929 660 957 coram
675 917 830 956 multis
847 916 1058 957 testibus.

171 972 218 1013 C.
237 973 292 1014 ΙΙ.
351 973 410 1013 Et
426 974 509 1014 tibi
529 973 725 1027 quidem,
743 972 956 1022 Domine,
978 974 1104 1013 cuius
1125 970 1269 1012 oculis
1288 970 1409 1010 nuda

88 1033 158 1069 est
190 1030 385 1083 abyssus
418 1027 638 1070 humanae
673 1030 1004 1078 conscientiae,
1040 1028 1146 1082 quid
1182 1026 1410 1067 occultum

89 1090 212 1125 esset
231 1087 280 1126 in
300 1097 394 1135 me,
418 1087 556 1126 etiam
579 1088 617 1127 si
640 1085 811 1125 nollem
835 1084 1047 1125 confiteri
1063 1083 1173 1124 tibi?
1204 1084 1270 1123 Te
1291 1084 1411 1122 enim

86 1140 197 1182 mihi
220 1142 570 1192 absconderem,
594 1154 686 1182 non
708 1153 779 1181 me
801 1142 901 1182 tibi.
961 1139 1090 1182 Nunc
1114 1144 1263 1180 autem
1289 1137 1411 1192 quod

87 1200 282 1251 gemitus
300 1210 426 1239 meus
445 1199 579 1238 testis
599 1204 688 1247 est,
710 1197 952 1251 displicere
970 1209 1041 1237 me
1059 1195 1187 1245 mihi,
1206 1201 1256 1235 tu
1272 1193 1410 1234 reful-

88 1265 169 1307 ges
179 1284 191 1303 ,
226 1260 271 1294 et
292 1254 467 1308 places,
504 1259 548 1294 et
573 1255 759 1303 amaris,
785 1259 830 1293 et
855 1253 1156 1301 desideraris,
1180 1256 1229 1290 ut
1254 1250 1411 1290 erube-

90 1322 212 1350 scam
235 1311 289 1351 de
306 1322 399 1360 me,
425 1315 471 1350 et
488 1310 698 1350 abjiciam
716 1322 807 1358 me,
832 1314 968 1362 atque
989 1308 1155 1361 eligam
1173 1312 1239 1355 te,
1266 1311 1311 1345 et
1327 1317 1411 1345 nec

88 1365 175 1405 tibi
191 1378 275 1406 nec
291 1365 403 1406 mihi
418 1365 639 1418 placeam,
659 1365 747 1405 nisi
766 1365 820 1405 de
838 1370 898 1404 te.
933 1365 1040 1404 Tibi
1059 1361 1409 1416 ergo‚Domine‚

88 1420 357 1461 manifestus
382 1434 499 1471 sum,
536 1421 805 1474 quicumque
830 1421 933 1467 sim,
969 1425 1015 1459 et
1038 1432 1126 1472 quo
1150 1418 1303 1458 fructu
1326 1417 1413 1457 tibi

91 1477 312 1517 confitear
336 1477 444 1517 dixi.
504 1476 662 1530 Neque
690 1478 808 1516 enim
830 1476 877 1515 id
902 1488 989 1529 ago
1015 1476 1166 1515 verbis
1192 1473 1339 1513 carnis
1365 1477 1412 1512 et

90 1533 301 1583 vocibus,
327 1533 408 1573 sed
430 1533 582 1573 verbis
608 1535 783 1573 animae
810 1538 854 1572 et
879 1532 1078 1572 clamore
1098 1530 1411 1584 cogitationis,

92 1601 225 1643 quem
248 1590 375 1629 novit
399 1589 522 1629 auris
545 1594 637 1630 tua.
700 1589 810 1629 Cum
835 1589 954 1629 enim
975 1588 1121 1628 malus
1146 1598 1266 1636 sum,
1298 1583 1413 1626 nihil

91 1650 162 1685 est
179 1644 303 1685 aliud
320 1645 531 1686 confiteri
547 1645 645 1695 tibi,
665 1658 795 1699 quam
814 1644 1057 1698 displicere
1074 1642 1202 1693 mihi3
1223 1655 1324 1683 cum
1339 1653 1413 1681 ve-

90 1714 142 1742 ro
166 1702 289 1754 pius,
314 1699 429 1741 nihil
453 1705 523 1741 est
545 1700 670 1742 aliud
694 1701 905 1741 confiteri
924 1700 1028 1750 tibi,
1055 1712 1188 1753 quam
1211 1697 1300 1739 hoc
1320 1709 1413 1738 non

90 1758 295 1798 tribuere
327 1755 456 1798 mihi:
483 1758 696 1811 quoniam
730 1761 800 1806 tu,
832 1755 1050 1806 Domine,
1080 1754 1315 1796 benedicis
1346 1754 1413 1793 iu·

95 1818 231 1865 stum3
251 1813 335 1854 sed
347 1813 472 1867 prius
492 1825 593 1854 eum
605 1814 827 1854 iustificas
840 1814 1041 1866 impium.
1075 1810 1317 1852 Confessio
1328 1810 1412 1849 ita-

95 1881 181 1923 que
199 1880 321 1920 mea,
338 1868 465 1910 Deus
482 1881 631 1919 meus,
658 1870 706 1909 in
725 1874 974 1923 conspectu
987 1873 1067 1909 tuo
1085 1868 1170 1909 tibi
1186 1867 1327 1907 tacite
1346 1865 1412 1915 fit,

96 1930 142 1966 et
164 1937 255 1965 non
270 1925 426 1966 tacite.
486 1926 632 1965 Tacet
655 1925 773 1966 enim
792 1927 1004 1980 strepitu,
1030 1924 1196 1965 clamat
1212 1921 1409 1963 adfectu.

91 1980 252 2034 Neque
279 1980 381 2021 dico
398 1980 517 2020 recti
540 1980 712 2035 aliquid
735 1980 1012 2031 hominibus,
1038 1980 1160 2035 quod
1183 1992 1275 2019 non
1297 1990 1323 2017 a
1338 1988 1409 2017 me

92 2042 144 2077 tu
174 2037 300 2090 prius
330 2036 552 2086 audieris,
586 2042 665 2078 aut
686 2038 824 2078 etiam
845 2043 895 2079 tu
920 2037 1092 2092 aliquid
1114 2036 1207 2076 tale
1232 2033 1360 2074 audis
1385 2043 1412 2071 a

93 2104 181 2143 me,
200 2092 323 2147 quod
339 2105 431 2133 non
447 2091 560 2133 mihi
574 2097 626 2133 tu
642 2092 766 2147 prius
786 2094 971 2135 dixeris,

181 2148 228 2189 G.
250 2148 326 2189 111.
389 2148 509 2196 Quid
538 2147 649 2189 mihi
682 2160 792 2204 ergo
824 2154 896 2191 est
926 2162 1027 2190 cum
1048 2146 1327 2194 hominibus,
1359 2147 1411 2183 ut

95 2203 282 2245 audiant
314 2204 631 2245 confessiones
653 2217 800 2257 meas,
833 2205 964 2260 quasi
984 2205 1071 2259 ipsi
1094 2200 1298 2245 sanaturi
1321 2198 1412 2240 sint
