1473 2443
131 115 214 155 234
465 111 736 152 AURELII
765 111 1127 154 AUGUSTINI

132 200 269 240 etiam
287 197 332 237 in
352 195 590 250 profundis
610 197 704 236 suis
722 194 859 237 habet
877 198 1047 251 speciei
1064 209 1172 236 suae
1191 196 1337 237 lucem
1350 226 1360 246 ,
1378 199 1446 236 ut·

131 265 321 307 cumque
340 252 603 292 sensibilem
621 252 821 304 piscibus
841 257 886 292 et
902 252 1164 306 repentibus
1184 253 1227 291 in
1248 264 1329 291 suo
1349 250 1448 291 fun-

131 312 189 351 do
215 309 537 348 animantibus:
570 308 684 348 illud
706 313 854 348 autem
878 313 1022 348 totum
1041 320 1180 361 prope
1200 305 1313 347 nihil
1334 313 1444 356 erat,

131 364 344 419 quoniam
385 362 532 403 adhuc
571 364 751 403 omnino
794 363 989 404 informe
1024 369 1139 414 erat3
1170 364 1259 402 iam
1290 368 1442 402 tamen

129 425 245 469 erat,
273 418 395 473 quod
419 418 607 459 formari
630 424 825 473 poterat.
884 421 954 459 Tu
979 420 1116 468 enim,
1140 419 1354 467 Domine,
1378 416 1443 457 fe-

130 476 234 516 cisti
265 474 479 514 mundum
513 475 567 514 de
601 475 793 514 materia
815 474 1018 525 informi,
1055 488 1185 528 quam
1208 473 1361 514 fecisti
1386 474 1440 513 de

126 531 253 572 nulla
267 543 316 570 re
336 542 479 583 paene
497 530 665 570 nullam
682 531 922 581 rem,unde
940 530 1117 571 faceres
1135 542 1311 583 magna,
1329 540 1442 582 quae

127 587 343 627 miramur
376 586 460 627 filii
493 584 736 627 hominum.
796 586 940 627 Valde
974 587 1091 626 enim
1123 585 1330 626 mirabile
1358 583 1444 624 hoc

130 642 309 683 coelum
333 654 622 694 corporeum,
649 641 770 695 quod
793 643 1120 683 firmamentum
1144 643 1264 682 inter
1284 652 1445 693 aquam

130 703 175 738 et
192 710 352 751 aquam
372 698 571 737 secundo
592 698 664 738 die
683 702 787 750 post
806 698 1115 737 conditionem
1133 697 1246 737 lucis
1267 695 1443 736 dixisti:

126 753 253 805 Fiam
275 760 317 793 et
331 752 666 808 sic-factumest.
690 753 822 801 (Gen.
845 752 931 803 l‚6.
953 755 1008 803 s.)
1043 753 1175 801 Quod
1193 754 1443 792 firmamen-

127 815 224 849 tum
247 810 423 849 vocasti
448 809 647 858 coelum,
673 809 753 849 sed
774 809 949 849 coelum
967 814 1117 849 terrae
1137 807 1269 848 huius
1291 815 1334 848 et
1351 819 1441 848 ma-

126 866 213 914 ris,
239 876 353 918 quae
378 863 531 904 fecisti
554 866 692 905 tertio
714 865 806 913 die,
833 865 979 904 dando
1000 865 1199 917 speciem
1215 865 1442 904 visibilem

126 920 313 960 informi
345 920 581 970 materiae,
616 933 747 974 quam
779 919 934 960 fecisti
966 926 1068 960 ante
1103 932 1278 961 omnem
1308 920 1441 960 diem.

126 976 220 1015 lam
245 976 363 1014 enim
386 974 564 1015 feceras
590 983 635 1016 et
658 976 836 1015 coelum
859 981 961 1016 ante
988 988 1165 1016 omnem
1189 976 1328 1025 diem,
1362 976 1444 1016 sed

129 1031 306 1070 coelum
327 1031 442 1071 coeli
465 1029 615 1081 huius,
641 1031 746 1085 quia
761 1031 807 1070 in
826 1031 1049 1084 principio
1069 1031 1247 1072 feceras
1267 1032 1444 1071 coelum

129 1092 175 1126 et
197 1092 380 1126 terram.
440 1088 585 1126 Terra
607 1091 758 1126 autem
779 1086 899 1140 ipsa,
925 1099 1056 1139 quam
1079 1086 1279 1137 feceras,
1303 1086 1444 1128 infor-

126 1143 212 1183 mis
241 1143 454 1182 materies
481 1146 598 1192 erat,
631 1143 735 1194 quia
756 1142 999 1183 invisibilis
1025 1147 1122 1182 erat
1147 1148 1192 1182 et
1211 1144 1444 1196 incompo-

128 1198 238 1247 sita,
260 1202 305 1237 et
320 1197 537 1238 tenebrae
557 1210 692 1250 super
709 1198 938 1251 abyssum.
997 1197 1066 1238 De
1088 1211 1173 1251 qua
1189 1202 1314 1238 terra
1330 1199 1441 1238 invi-

129 1254 251 1294 sibili
273 1258 318 1292 et
333 1254 652 1306 incomposita,
669 1253 723 1293 de
743 1266 830 1307 qua
846 1253 1139 1303 informitate,
1159 1254 1214 1294 de
1234 1266 1321 1307 quo
1340 1266 1443 1306 pae-

126 1321 183 1349 ne
207 1307 350 1349 nihilo
376 1308 555 1350 faceres
581 1307 694 1349 haec
721 1310 890 1359 omnia,
916 1310 1077 1363 quibus
1102 1309 1190 1350 iste
1213 1309 1442 1350 mutabilis

126 1364 318 1406 mundus
345 1370 544 1414 constat,
570 1369 615 1405 et
632 1378 721 1405 non
741 1370 940 1415 constat,
963 1367 1009 1405 in
1030 1378 1118 1419 quo
1136 1366 1235 1418 ipsa
1251 1365 1440 1406 mutabi-

125 1421 232 1461 litas
266 1420 474 1474 adparet,
507 1421 553 1461 in
588 1434 675 1474 qua
699 1421 860 1461 sentiri
883 1426 929 1461 et
953 1420 1228 1461 dinumerari
1250 1427 1442 1474 possunt

126 1482 355 1529 tempora,
397 1477 502 1530 quia
532 1488 682 1517 rerum
715 1476 1042 1518 mutationibus
1076 1477 1189 1516 fiunt
1219 1480 1440 1529 tempora,

129 1533 233 1573 dum
251 1534 480 1573 variantur
499 1538 544 1573 et
562 1538 796 1573 vertuntur
814 1533 1007 1585 species,
1026 1545 1211 1586 quarum
1228 1533 1441 1573 materies

127 1588 362 1642 praedicta
381 1593 451 1628 est
466 1594 591 1628 terra
607 1589 866 1629 invisibilis.

212 1645 259 1684 C.
284 1644 361 1684 lx.
419 1644 619 1698 Ideoque
640 1643 856 1697 Spiritus,
877 1643 1039 1684 docter
1055 1643 1212 1684 famuli
1230 1643 1315 1692 tui,
1337 1656 1434 1682 cum

125 1704 173 1739 te
208 1704 532 1740 commemorat
562 1699 730 1740 fecisse
761 1700 807 1739 in
830 1700 1052 1753 principio
1079 1699 1256 1739 coelum
1280 1702 1325 1738 et
1347 1703 1435 1738 ter-

126 1767 238 1805 ram,
256 1760 379 1795 tacet
400 1756 454 1795 de
472 1756 768 1808 temporibus,
788 1756 893 1796 silet
911 1755 965 1794 de
985 1753 1156 1795 diebus.
1216 1753 1435 1794 Nimirum

128 1810 248 1850 enim
266 1811 444 1851 coelum
462 1812 601 1860 coeli,
627 1811 747 1864 quod
765 1811 809 1850 in
827 1810 1049 1865 principio
1068 1809 1241 1860 fecisti,
1262 1814 1435 1850 creatu-

125 1877 179 1906 ra
210 1872 279 1906 est
301 1867 453 1919 aliqua
481 1867 828 1916 intellectualis,
862 1878 1129 1919 quamquam
1154 1877 1435 1918 nequaquam

125 1921 211 1961 tibi
234 1922 449 1961 Trinitati
472 1926 736 1972 coaeterna3
768 1922 994 1975 particeps
1017 1926 1168 1961 tamen
1193 1922 1432 1961 aeternita-

122 1977 185 2016 tis
202 1981 307 2017 tuae
326 1977 456 2017 valde
473 1977 823 2017 mutabilitatem
843 1988 968 2016 suam
987 1989 1093 2031 prae
1113 1976 1350 2017 dulcedine
1369 1975 1432 2015 fe-

122 2032 368 2073 licissimae
396 2032 793 2086 contemplationis
810 2037 915 2072 tuae
936 2032 1138 2082 cohibet,
1164 2037 1208 2071 et
1226 2031 1322 2071 sine
1340 2031 1433 2070 ullo

121 2088 274 2140 lapsu,
315 2101 371 2128 ex
409 2101 496 2142 quo
539 2087 662 2128 facta
693 2093 782 2137 est,
821 2086 1102 2128 inhaerendo
1135 2087 1221 2129 tibi
1252 2087 1434 2126 excedit

124 2155 302 2184 omnem
338 2143 586 2184 volubilem
623 2143 981 2183 vicissitudinem
1020 2149 1284 2196 temporum.
1344 2142 1435 2182 Ista

123 2211 233 2239 vero
252 2199 529 2251 informitas,
547 2204 672 2240 terra
689 2198 929 2240 inuisibilis
950 2204 995 2240 et
1011 2200 1332 2253 incomposita,
1351 2210 1434 2238 nec
