1473 2443
61 110 138 147 122
373 106 645 149 AURELII
674 107 1036 150 AUGUSTINI

60 192 159 244 quis
192 192 352 233 similis
375 191 484 233 tibi'}
514 189 762 245 Disrnpisti
781 191 950 233 vincula
973 206 1069 233 mea
1076 206 1096 243 ;
1126 191 1364 248 sacrificem

58 248 141 288 ribi
160 247 425 303 sacrificium
443 247 593 287 laudis.
616 247 710 296 (Ps.
731 247 822 298 116,
844 247 907 289 16.
928 251 983 300 s.)
1019 249 1257 297 Quomodo
1278 249 1346 289 dis

57 305 221 357 rupisti
242 304 317 343 ea?
335 302 557 352 Narrabo,
578 307 623 343 et
641 303 791 343 dicent
810 316 979 354 omnes,
1001 305 1073 358 qui
1094 305 1286 344 adorant
1303 309 1363 353 te,

58 373 158 399 cum
169 360 353 399 audient
366 357 494 398 haec:
512 358 787 399 Benedictus
802 358 1024 400 Dominus
1042 361 1088 399 in
1108 359 1237 399 coelo
1259 365 1303 399 et
1320 360 1364 399 in

55 421 199 465 terra,
233 427 442 468 magnum
466 419 510 453 et
531 414 738 456 mirabile
762 427 925 455 nomen
950 417 1061 456 eius.
1120 414 1364 455 Inhaese-

55 476 173 511 rant
205 470 536 522 praecordiis
565 470 693 509 meis
722 472 885 511 verba
906 475 1015 521 tua,
1056 476 1107 512 et
1133 471 1364 524 undique

58 525 512 567 circumvallabar
535 525 626 565 abs
648 530 715 566 te.
773 525 843 566 Dc
862 527 955 566 vita
971 532 1050 566 tua
1067 532 1253 567 aeterna
1271 538 1365 566 cer-

55 588 128 622 tus
143 594 279 631 eram,
294 582 494 635 quamvis
508 593 606 621 eam
621 581 666 620 in
686 581 940 635 aenigmate
961 587 1006 622 et
1025 583 1149 635 quasi
1170 594 1250 636 per
1269 594 1366 635 spe-

57 638 205 677 culum
221 637 439 687 videram3
459 637 679 677 dubitatio
691 641 842 677 tamen
863 638 1005 677 omnis
1026 639 1079 678 de
1097 637 1367 690 incorrupti-

54 693 135 733 bili
161 693 434 742 substantia,
460 692 580 746 quod
603 693 657 732 ab
680 693 760 732 illa
784 699 906 732 esset
932 694 1074 733 omnis
1095 693 1363 741 substantia,

55 750 208 789 ablata
239 747 346 788 mihi
380 754 495 799 erat3
527 760 620 788 nec
654 749 856 788 certior
888 749 947 789 de
976 754 1049 798 te,
1083 749 1174 788 sed
1204 748 1363 788 stabi-

54 804 161 845 lior
184 805 236 843 in
259 810 309 844 te
335 816 451 843 esse
477 804 763 856 cupiebam.
810 803 878 843 De
897 817 997 844 mea
1012 816 1120 844 vero
1139 809 1363 856 tempora-

54 860 89 900 li
106 861 200 900 vita
216 861 435 900 nutabant
455 861 617 909 omnia,
638 864 683 899 et
700 859 1003 899 mundandum
1021 864 1119 899 erat
1137 872 1216 900 cor
1233 872 1258 898 a
1275 858 1362 898 fer-

57 920 208 956 mento
233 915 397 964 veteri,
423 920 473 954 et
501 915 748 967 placebat
777 915 861 954 via
886 916 1001 968 ipse
1030 915 1285 963 salvator,
1314 920 1363 953 et

54 972 134 1011 ire
163 983 253 1024 per
283 971 394 1010 eius
426 971 703 1023 angustias
727 969 898 1010 adhuc
920 971 1153 1024 pigebat.
1212 970 1364 1009 Etim-

55 1027 218 1067 misisti
236 1028 279 1065 in
297 1031 491 1066 mentem
509 1038 667 1075 meam,
678 1025 913 1079 visumque
933 1032 1001 1066 est
1018 1027 1185 1066 bonum
1200 1026 1245 1065 in
1265 1038 1368 1065 con-

56 1088 215 1136 spectu
233 1094 332 1122 meo
350 1093 542 1134 pergere
562 1082 618 1121 ad
635 1080 986 1133 simplicianum,
1007 1082 1083 1135 qui
1098 1081 1205 1122 mihi
1224 1082 1369 1122 bonus

56 1139 304 1192 adparebat
335 1149 492 1177 servus
525 1142 650 1186 tuus,
685 1141 729 1176 et
753 1136 936 1177 lucebat
957 1138 1003 1176 in
1027 1149 1082 1178 eo
1108 1137 1256 1190 gratia
1274 1142 1366 1176 tua.

55 1194 297 1235 Audieram
331 1193 485 1242 etiam,
519 1192 638 1245 quod
671 1205 697 1231 a
713 1193 945 1232 iuventute
969 1205 1051 1233 sua
1074 1192 1366 1233 devotissime

56 1250 143 1289 tibi
158 1250 346 1289 viveret.
392 1248 485 1288 Iam
501 1260 609 1287 vero
627 1253 736 1287 tunc
754 1253 980 1298 senuerat,
1001 1254 1046 1288 et
1062 1248 1201 1301 longa
1218 1251 1366 1287 aetate

58 1306 105 1345 in
127 1310 219 1345 tam
235 1306 355 1345 bono
375 1304 527 1343 studio
549 1303 792 1343 sectandae
811 1304 910 1344 viae
927 1309 1033 1344 tuae
1051 1304 1193 1344 multa
1211 1315 1366 1356 exper-

56 1366 152 1410 tus,
176 1360 317 1401 multa
340 1359 530 1399 edoctus
555 1357 663 1399 mihi
688 1360 944 1410 videbatur3
979 1365 1024 1399 et
1045 1372 1152 1399 vere
1171 1359 1236 1399 sic
1255 1363 1364 1398 erat.

56 1418 185 1457 Unde
217 1414 324 1456 mihi
357 1420 406 1455 ut
437 1413 665 1469 proferret
696 1415 904 1455 volebam
937 1414 1191 1455 conferenti
1215 1426 1366 1455 secum

57 1477 211 1513 aestus
233 1484 380 1520 meos,
406 1471 505 1524 quis
531 1476 653 1510 esset
677 1476 806 1524 aptus
830 1471 988 1511 modus
1007 1473 1073 1511 sic
1090 1470 1293 1519 adfecto,
1317 1474 1367 1508 ut

61 1541 147 1582 ego
169 1540 305 1577 eram,
324 1527 380 1566 ad
399 1526 716 1566 ambulandum
731 1529 776 1567 in
796 1528 868 1566 via
882 1531 973 1566 tua.
1009 1526 1231 1567 Videbam
1250 1525 1366 1564 enim

57 1585 237 1637 plenam
262 1583 522 1632 ecclesiam,
551 1587 595 1622 et
618 1582 733 1622 alius
757 1584 821 1622 sic
844 1583 958 1631 ibat,
982 1582 1097 1621 alius
1116 1586 1266 1621 autem
1283 1580 1363 1619 sic.

59 1639 175 1680 Mihi
196 1644 345 1679 autem
364 1638 653 1691 displicebat,
679 1638 798 1691 quod
817 1638 1005 1690 agebam
1021 1639 1067 1678 in
1086 1636 1269 1676 saeculo
1282 1665 1293 1685 ,
1320 1639 1366 1674 et

61 1696 189 1735 oneri
204 1693 313 1734 mihi
328 1698 425 1734 erat
438 1693 583 1743 valde,
600 1705 691 1733 non
705 1693 792 1732 iam
805 1692 1182 1732 inflammantibus
1198 1690 1366 1744 cupidi·

57 1752 245 1800 tatibus,
260 1756 309 1789 ut
328 1749 551 1797 solebant,
570 1760 647 1802 spe
666 1746 852 1787 honoris
871 1751 915 1787 et
932 1748 1164 1801 pecuniae,
1179 1747 1236 1786 ad
1252 1746 1366 1786 tole-

58 1806 246 1846 randam
267 1805 392 1844 illam
410 1804 674 1844 servitutem
688 1807 780 1842 tam
798 1815 992 1855 gravem.
1050 1802 1144 1842 Iam
1162 1802 1279 1842 enim
1296 1813 1366 1842 me

58 1861 141 1901 illa
156 1874 246 1900 non
265 1860 554 1900 delectabant
572 1870 676 1911 prae
694 1858 931 1898 dulcedine
944 1863 1024 1898 tua
1041 1863 1086 1898 et
1104 1858 1269 1898 decore
1289 1858 1366 1897 do-

59 1930 157 1957 mus
169 1922 291 1965 tuae,
304 1928 434 1969 quam
448 1914 600 1963 dilexi,
614 1913 695 1953 sed
713 1912 858 1954 adhuc
873 1914 1096 1954 tenaciter
1114 1913 1366 1966 colligabar

61 1985 117 2013 ex
139 1971 325 2021 femina3
358 1983 441 2010 nec
462 1982 531 2009 me
557 1967 828 2022 prohibebat
849 1969 1093 2022 Apostolus
1113 1967 1364 2021 coniugari,

61 2027 263 2082 quamvis
302 2025 621 2066 exhortaretur
657 2024 713 2064 ad
749 2024 931 2075 melius,
976 2025 1168 2064 maxime
1206 2023 1365 2063 volens

61 2095 215 2123 omnes
247 2080 452 2122 homines
487 2081 551 2120 sic
584 2092 684 2120 esse
717 2084 765 2119 ut
797 2080 894 2133 ipse
929 2085 1038 2120 erat.
1062 2081 1103 2129 (1
1124 2079 1226 2119 Cor.
1244 2079 1285 2128 Ἴ,
1303 2079 1365 2129 7.)

61 2139 151 2180 Sed
167 2150 252 2192 ego
267 2137 488 2177 infirmior
507 2135 731 2188 eligebam
747 2136 1004 2176 molliorem
1020 2136 1185 2184 locum,
1202 2139 1247 2174 et
1263 2146 1362 2187 pro-

58 2201 161 2250 pter
182 2193 270 2235 hoc
292 2206 427 2234 unum
443 2191 659 2233 volvebar
677 2192 726 2230 in
745 2191 940 2233 caeteris
952 2191 1215 2245 languidus,
1241 2195 1287 2230 et
1301 2195 1366 2230 ta-
