1473 2443
71 173 151 216 148
402 172 671 217 AURELII
701 175 1061 218 AUGUSTINI

68 272 226 300 versus
250 260 305 300 ad
328 272 410 300 nos
430 261 616 313 spiritus
632 267 736 300 tuus
753 260 899 300 bonus
919 262 980 300 ait
997 258 1147 300 nobis:
1180 259 1288 300 Filii
1303 259 1379 300 ho-

69 313 247 365 minum,
267 329 348 369 quo
365 329 498 369 usque
510 329 668 370 graves
682 316 836 356 corde?
872 314 930 355 Ut
946 315 1049 369 quid
1061 315 1242 370 diligitis
1257 316 1377 356 vani-

67 378 214 420 tatem,
235 379 277 411 et
291 371 497 424 quaeritis
511 370 805 411 mendacium?
822 370 893 420 (V.
910 372 968 423 3.)
985 371 1246 412 Dilexeram
1261 374 1379 412 enim

66 429 326 477 vanitatem,
340 433 385 467 et
401 429 682 481 quaesieram
695 427 990 467 mendacium.
1023 428 1080 468 Et
1092 427 1376 478 tu,Domine,

65 483 157 522 iam
187 484 559 537 magnificaveras
583 487 784 523 sanctum
807 488 946 533 tuum,
979 484 1202 523 suscitans
1227 496 1327 524 eum
1351 496 1379 523 a

65 540 278 587 mortuis,
299 545 343 579 et
361 539 593 579 collocans
612 539 666 578 ad
685 539 916 579 dexteram
932 544 1073 589 tuam,
1092 539 1209 579 unde
1230 541 1376 579 mitte-

65 599 137 633 ret
155 606 210 634 ex
223 594 316 634 alto
334 596 684 648 promissionem
701 607 840 644 suam,
853 594 1153 645 Paracletum,
1169 596 1377 648 spiritum

64 650 286 690 veritatis.
346 651 403 690 Et
422 652 610 691 miserat
633 663 732 690 eum
754 651 863 701 iam3
894 651 975 690 sed
998 663 1083 704 ego
1101 651 1374 691 nesciebam.

64 705 259 745 Miserat
281 718 401 756 eum,
429 707 534 759 quia
554 707 641 746 iam
659 706 973 759 magnificatus
993 711 1109 756 erat,
1132 717 1377 760 resurgens

65 773 92 800 a
108 763 299 802 mortuis
326 768 371 802 et
393 762 674 802 adscendens
697 764 742 801 in
761 763 952 801 coelum.
983 763 1095 801 Ante
1114 768 1262 802 autem
1281 762 1377 814 Spi-

62 818 179 858 ritus
198 819 395 858 nondum
413 823 511 858 erat
529 818 675 867 datus,
695 818 798 871 quia
816 817 941 858 Iesus
960 817 1155 857 nondum
1174 823 1271 858 erat
1287 818 1375 857 cla-

63 873 282 913 rificatus.
342 874 401 914 Et
420 874 643 913 clamabat
659 871 916 927 prophetia:
953 872 1047 923 Quo
1067 886 1199 927 usque
1217 885 1375 927 graves

61 929 220 969 corde?
256 928 315 968 Ut
345 929 449 983 qnid
470 929 650 984 diligitis
673 929 929 977 vanitatem,
964 935 1007 968 et
1031 928 1237 982 quaeritis
1260 941 1374 969 men-

64 983 262 1024 dacium?
291 984 356 1024 Et
385 985 553 1035 scitote,
589 983 793 1038 quoniam
830 983 1044 1024 Dominus
1076 983 1380 1038 magnificavit

67 1047 262 1081 sanetum
289 1053 424 1080 suum.
446 1040 519 1089 (V.
536 1041 574 1080 3.
593 1041 654 1091 4.)
692 1040 882 1080 Clamat:
909 1053 990 1093 quo
1008 1040 1165 1093 usque?
1184 1040 1374 1080 Clamat:

63 1094 230 1135 scitote.
291 1096 348 1135 Et
368 1109 452 1149 ego
473 1101 563 1136 tam
579 1096 655 1135 diu
670 1097 878 1135 nesciens
897 1096 1140 1135 vanitatem
1160 1095 1314 1145 dilexi,
1334 1106 1379 1134 et

63 1151 350 1191 mendacium
383 1153 606 1204 quaesivi3
640 1156 685 1191 et
707 1151 811 1190 ideo
836 1152 1005 1200 audivi,
1042 1157 1087 1190 et
1110 1154 1376 1200 contremui,

66 1209 278 1260 quoniam
294 1208 462 1248 talibus
481 1208 661 1256 dicitur,
676 1207 851 1260 qualem
870 1219 940 1246 me
959 1206 1099 1246 fuisse
1120 1209 1373 1249 reminisce-

63 1262 160 1302 bar.
213 1263 262 1302 In
280 1262 607 1315 phantasmatis
627 1264 760 1312 enim,
781 1275 894 1315 quae
912 1274 992 1316 pro
1012 1262 1204 1302 veritate
1222 1268 1375 1302 tenue-

64 1330 181 1369 ram,
212 1321 387 1359 vanitas
414 1324 511 1359 erat
533 1324 577 1358 et
599 1319 896 1358 mendacium.
955 1317 1012 1357 Et
1035 1319 1217 1358 insonui
1238 1318 1377 1358 multa

66 1374 267 1427 graviter
303 1387 355 1415 ac
386 1374 568 1414 fortiter
599 1375 644 1414 in
678 1373 836 1413 dolore
868 1373 1202 1413 recordationis
1232 1386 1376 1413 meae.

67 1430 194 1478 Quae
209 1432 379 1470 utinam
391 1430 639 1478 audissent,
650 1429 726 1482 qui
736 1428 881 1470 adhuc
893 1441 1034 1482 usque
1050 1429 1245 1482 diligunt
1257 1432 1376 1469 vani·

64 1491 220 1536 tatem,
231 1491 276 1525 et
287 1491 509 1540 quaerunt
521 1485 817 1526 mendacium!
830 1485 969 1524 Forte
985 1485 1374 1534 conturbarentur,

67 1547 111 1580 et
136 1545 445 1582 evomuissent
465 1542 599 1593 illud3
632 1546 676 1580 et
700 1541 939 1580 exaudires
964 1553 1064 1590 eos,
1090 1553 1189 1580 cum
1214 1541 1375 1580 clama-

65 1603 167 1636 rent
194 1599 250 1638 ad
272 1602 341 1649 te;
374 1600 585 1650 quoniam
606 1609 714 1636 vera
735 1602 880 1636 morte
907 1598 1055 1636 carnis
1077 1602 1282 1636 mortuus
1308 1602 1375 1635 est

64 1666 146 1706 pro
174 1653 327 1702 nobis,
363 1654 439 1706 qui
460 1658 506 1693 te
528 1652 790 1706 interpellat
812 1664 893 1704 pro
917 1651 1063 1691 nobis.
1122 1651 1373 1704 Legebam:

64 1708 330 1756 Irascimini,
358 1708 756 1762 etnolitepeccare.
777 1707 848 1755 (V.
869 1707 928 1758 5.)
959 1706 1018 1746 Et
1036 1707 1261 1759 quomodo
1281 1719 1372 1746 mo-

63 1764 221 1814 vebar,
246 1764 370 1805 Deus
395 1777 540 1811 meus,
568 1764 646 1817 qui
666 1764 756 1802 iam
775 1762 1020 1802 didiceram
1035 1763 1169 1802 irasci
1188 1760 1299 1802 mihi
1317 1762 1372 1802 de

63 1821 346 1872 praeteritis,
371 1828 419 1860 ut
439 1818 494 1859 de
526 1827 707 1859 caetero
736 1830 825 1857 non
847 1829 1102 1871 peccarem3
1137 1822 1183 1857 et
1206 1818 1369 1858 merito

63 1877 219 1924 irasci,
245 1876 351 1928 quia
366 1888 456 1915 non
475 1875 565 1914 alia
580 1881 741 1914 natura
759 1875 907 1926 gentis
924 1872 1210 1913 tenebrarum
1230 1874 1284 1914 de
1302 1885 1372 1913 me

62 1932 295 1984 peccabat,
311 1933 428 1971 sicut
442 1931 610 1978 dicunt,
625 1930 699 1983 qui
715 1929 800 1969 sibi
819 1940 909 1968 non
925 1931 1195 1979 irascuntur,
1215 1934 1261 1970 et
1276 1928 1371 1969 the-

64 1989 294 2027 saurizant
327 1987 413 2026 sibi
445 1988 558 2027 iram
585 1986 633 2026 in
662 1985 734 2025 die
756 1986 852 2025 irae
877 1989 922 2025 et
943 1985 1238 2025 revelationis
1260 1985 1369 2025 iusti

61 2043 217 2082 iudicii
240 2042 330 2083 tuiz
360 2041 455 2082 Nec
478 2043 567 2082 iam
589 2041 709 2082 bona
726 2052 826 2080 mea
842 2039 955 2081 foris
977 2045 1124 2091 erant,
1160 2053 1245 2080 nec
1264 2052 1367 2080 ocu-

61 2098 116 2137 lis
136 2100 310 2138 carneis
328 2099 374 2137 in
392 2098 482 2137 isto
503 2097 601 2137 sole
621 2096 966 2150 quaerebantur.
1010 2095 1230 2136 Volentes
1249 2097 1367 2136 enim

60 2155 259 2205 gaudere
282 2154 559 2203 forinsecus,
582 2151 718 2192 facile
743 2156 1035 2203 evanescunt3
1069 2156 1114 2191 et
1133 2150 1366 2191 effundun-

60 2212 194 2250 turin
213 2223 285 2260 ea,
311 2221 425 2264 quae
443 2209 674 2258 videntur,
695 2213 741 2248 et
756 2208 1025 2262 temporalia
1043 2212 1163 2259 sunt3
1198 2212 1244 2247 et
1259 2209 1365 2247 ima-

60 2265 187 2316 gines
212 2279 367 2306 eorum
394 2264 605 2306 famelica
628 2264 908 2318 cogitatione
932 2263 1146 2304 lambunt.
1204 2262 1263 2303 Et
1282 2275 1307 2302 o
1328 2262 1364 2302 si
