1473 2443
100 118 176 159 198
422 114 689 156 AURELII
719 114 1084 157 AUGUSTINI

100 200 478 256 quemadmodum
496 213 522 239 a
537 212 607 239 me
627 199 763 254 longe
783 204 853 240 est
868 200 959 239 ista
976 200 1244 249 consensio,
1269 200 1334 239 ita
1352 199 1410 239 sit

100 269 277 310 semper
302 257 439 309 longe
466 262 599 308 atque
626 256 822 309 longius.
883 255 972 295 Pro
999 257 1145 296 salute
1171 261 1321 295 autem
1341 268 1413 294 cu-

98 315 302 365 iusquam
322 325 421 352 cum
439 317 483 351 te
502 324 631 365 rogo,
646 311 760 351 alius
778 310 966 351 multum
985 311 1202 351 differens
1222 311 1322 350 finis
1344 316 1413 350 est

96 369 361 408 intentionis
384 380 534 417 meae,
560 373 605 406 et
627 373 671 406 te
689 366 930 406 facientem
951 368 1071 420 quod
1093 368 1176 417 vis,
1204 367 1282 406 das
1302 365 1408 406 mihi

99 431 143 463 et
167 424 293 463 dabis
314 424 512 463 libenter
535 424 676 476 sequi.
740 422 903 463 Verum
922 428 1071 463 tamen
1089 424 1133 462 in
1153 435 1284 476 quam
1303 423 1411 462 mul-

96 480 155 519 tis
179 480 492 519 minutissimis
520 484 565 518 et
591 478 978 518 contemtibilibus
1004 479 1140 518 rebus
1168 479 1410 518 curiositas

99 535 300 587 quotidie
334 542 490 574 nostra
522 534 739 574 tentatur!
771 534 829 573 Et
861 547 992 588 quam
1025 547 1159 587 saepe
1193 534 1411 582 labamur,

99 593 197 644 quis
220 591 476 630 enumerat?v
514 590 705 638 Quoties
724 594 957 629 narrantes
976 590 1128 629 inania
1145 590 1288 643 primo
1310 601 1414 642 qua-

98 648 136 687 si
154 647 424 693 toleramus,
451 659 505 685 ne
526 645 808 685 offendamus
826 645 1050 695 infirmos,
1077 645 1239 685 deinde
1261 645 1412 697 paula-

100 704 176 742 tim
225 703 419 741 libenter
457 700 759 742 advertimus&
818 700 983 740 Canem
1023 706 1277 741 currentem
1310 705 1414 753 post

96 758 299 810 leporem
322 759 410 797 iam
436 770 522 797 non
550 762 727 809 specto,
753 757 912 796 cumin
931 757 1051 796 circo
1073 757 1142 807 fit3
1177 762 1223 796 at
1238 767 1346 796 vero
1366 756 1412 794 in

97 826 223 867 agro,
246 814 280 852 si
303 826 409 852 casu
427 819 669 861 transeam,
689 813 854 852 avertit
872 824 942 852 me
961 811 1172 852 fortassis
1193 817 1238 851 et
1259 812 1311 850 ab
1332 811 1410 850 ali-

99 882 187 921 qua
202 882 365 921 magna
384 869 684 921 cogitatione,
704 876 838 920 atque
859 868 915 907 ad
933 880 981 908 se
1001 868 1225 908 convertit
1241 868 1322 907 illa
1338 879 1411 905 ve-

96 925 244 973 natio,
270 938 359 963 non
379 925 559 963 deviare
580 936 749 976 cogens
770 936 960 977 corpore
978 924 1189 973 iumenti,
1216 923 1296 962 sed
1316 935 1411 962 cor-

100 980 168 1018 dis
202 980 511 1019 inclinatione.
571 979 630 1018 Et
653 979 742 1018 nisi
766 979 856 1018 iam
880 978 990 1018 mihi
1015 979 1325 1019 demonstrata
1347 978 1412 1017 in-

96 1035 310 1075 firmitate
329 1048 429 1074 mea
448 1036 538 1074 cito
559 1035 824 1084 admoneas,
853 1041 931 1074 aut
949 1047 1004 1075 ex
1021 1035 1121 1088 ipsa
1137 1035 1313 1075 visione
1332 1045 1414 1087 per

97 1090 293 1142 aliquam
318 1090 732 1130 considerationem
754 1090 799 1128 in
820 1095 863 1129 te
882 1090 1150 1143 adsurgere,
1176 1096 1253 1129 aut
1269 1094 1412 1129 totum

98 1152 389 1185 contemnere
404 1151 537 1199 atque
555 1145 748 1185 transire
766 1158 907 1185 vanus
927 1144 1140 1187 hebesco.
1175 1145 1294 1194 Quid
1314 1158 1413 1184 cum

95 1213 166 1240 me
183 1202 303 1241 domi
320 1201 554 1240 sedentem
575 1200 727 1241 stellio
746 1214 924 1241 muscas
944 1207 1143 1255 captans,
1156 1201 1230 1241 vel
1248 1212 1414 1240 aranea

94 1257 270 1296 retibus
298 1257 391 1296 suis
417 1258 642 1296 irruentes
666 1256 925 1311 implicans,
951 1269 1087 1310 saepe
1110 1258 1331 1296 intentum
1349 1255 1412 1294 fa-

98 1312 184 1352 cit‘}
215 1312 330 1352 Num
355 1315 459 1365 quia
481 1325 620 1365 parva
638 1322 742 1352 sunt
759 1313 990 1363 animalia,
1012 1313 1118 1352 ideo
1138 1325 1229 1353 non
1246 1324 1320 1351 res
1341 1323 1412 1350 ea-

98 1368 197 1407 dem
215 1368 413 1422 geritur?
432 1368 582 1422 Pergo
604 1368 710 1408 inde
724 1368 781 1408 ad
799 1368 1071 1409 laudandum
1089 1373 1134 1409 te
1159 1372 1410 1408 creatorem

93 1425 353 1473 mirificum,
389 1429 522 1477 atque
558 1424 866 1464 ordinatorem
898 1437 1047 1465 rerum
1083 1425 1297 1474 omnium3
1332 1422 1411 1462 sed

95 1493 185 1519 non
203 1481 306 1519 inde
326 1481 525 1519 intentus
546 1492 646 1520 esse
665 1481 849 1532 incipio.
906 1481 1040 1521 Aliud
1059 1486 1128 1521 est
1146 1481 1236 1520 cito
1258 1491 1411 1532 surge-

94 1546 165 1585 re,
191 1536 315 1575 aliud
338 1541 408 1575 est
432 1549 523 1575 non
547 1536 725 1576 cadere.
788 1536 845 1575 Et
867 1536 1032 1576 talibus
1052 1537 1145 1576 vita
1161 1547 1263 1575 mea
1278 1535 1411 1587 plena

98 1596 188 1640 est,
212 1597 257 1630 et
285 1604 372 1630 una
395 1604 498 1644 spes
521 1604 623 1631 mea
642 1604 805 1644 magna
827 1592 957 1632 valde
984 1591 1300 1631 misericordia
1316 1595 1406 1638 tua.

98 1646 207 1686 Cum
232 1647 349 1686 enim
375 1646 689 1687 huiuscemodi
705 1659 854 1686 rerum
873 1647 1244 1699 conceptaculum
1264 1646 1313 1684 fit
1331 1657 1408 1684 cor

95 1707 320 1751 nostrum,
347 1708 391 1742 et
410 1707 561 1755 portat
584 1703 799 1755 copiosae
824 1703 1036 1742 vanitatis
1056 1706 1279 1750 catervas,
1305 1698 1408 1739 hinc

97 1762 142 1796 et
187 1758 419 1797 orationes
458 1763 641 1797 nostrae
681 1770 817 1811 saepe
852 1758 1239 1810 interrumpuntur
1274 1761 1407 1809 atque

94 1812 353 1861 turbantur,
383 1818 429 1852 et
453 1818 555 1852 ante
581 1819 873 1865 conspectum
893 1818 1043 1863 tuum,
1068 1814 1168 1852 dum
1194 1812 1250 1852 ad
1274 1824 1406 1851 aures

94 1873 196 1907 tuas
218 1880 376 1907 vocem
400 1868 551 1908 cordis
569 1869 864 1919 intendimus,
888 1870 1043 1909 ne-scio
1062 1869 1180 1908 unde
1199 1866 1409 1907 irruenti·
1466 1866 1467 1870 ’

93 1923 177 1963 bus
196 1924 451 1976 nugatoriis
471 1924 847 1977 cogitationibus,
867 1937 940 1964 res
959 1930 1085 1964 tanta
1102 1923 1392 1977 praeciditur.

177 1979 223 2018 C.
248 1979 456 2019 XXXVI.
515 1978 743 2032 Numquid
786 1980 921 2020 etiam
968 1979 1054 2020 hoc
1094 1982 1211 2020 inter
1255 1983 1405 2017 conte-

96 2035 288 2075 ¹nnenda
322 2034 660 2087 deputabimus,
703 2040 780 2075 aut
814 2036 986 2090 aliquid
1019 2048 1102 2075 nos
1135 2034 1324 2074 reducet
1359 2033 1404 2071 in

82 2103 241 2145 spem,
276 2091 363 2130 nisi
387 2095 487 2129 tota
507 2090 825 2130 misericordia
849 2096 946 2141 tua,
973 2091 1183 2145 quoniam
1211 2087 1407 2141 coepisti

92 2152 267 2185 mutare
295 2145 403 2185 nos?r
432 2145 491 2184 Et
514 2151 563 2185 tu
587 2146 696 2195 scis,
724 2153 889 2198 quanta
913 2160 969 2187 ex
993 2150 1119 2199 parte
1142 2144 1404 2192 mutaveris,

96 2203 167 2253 qui
196 2215 266 2241 me
295 2202 503 2255 primitus
530 2214 662 2241 sanas
689 2215 713 2240 a
740 2202 926 2243 libidine
947 2201 1204 2242 vindicandi
1228 2212 1320 2249 me,
1357 2203 1407 2238 ut
