1514 2438
251 137 797 185 CONFESSIONUM
827 137 1037 179 LIBER
1066 136 1149 177 XI.
1286 133 1368 175 219

35 229 289 286 praeterita
312 233 436 280 sunt,
459 228 551 268 iam
573 238 665 267 non
686 225 753 267 ibi
770 230 890 266 sunt.
949 223 1235 276 Ubicumque
1255 232 1367 274 ergo

35 291 162 338 sunt,
202 296 514 341 quaecumque
548 288 672 334 sunt,
710 295 803 323 non
837 285 942 323 sunt
973 280 1063 320 nisi
1093 277 1368 334 praesentia.

40 343 324 397 Quamquam
337 340 590 397 praeterita
608 353 710 380 cum
725 351 836 380 vera
852 341 1110 386 narrantur,
1128 348 1186 376 ex
1201 345 1371 375 memo·

42 400 114 440 ria
144 398 443 453 proferuntur
474 410 566 438 non
590 409 664 437 res
690 396 839 450 ipsae,
876 406 992 449 quae
1016 392 1373 447 praeterierunt,

46 456 128 497 sed
159 456 300 497 verba
331 459 557 508 concepta
589 465 646 494 ex
667 451 946 507 imaginibus
976 463 1152 499 earum,
1188 446 1376 502 quaein

43 513 194 554 animo
228 512 354 553 velut
386 511 587 566 vestigia
608 522 691 565 per
716 522 877 550 sensus
902 506 1239 562 praetereundo
1267 503 1375 544 fixe-

42 574 162 610 runt.
224 568 432 610 Pueritia
462 569 628 623 quippe
661 579 783 616 mea,
818 577 934 619 quae
969 564 1060 604 iam
1083 574 1175 603 non
1205 565 1296 610 est,
1329 559 1377 598 in

43 630 250 680 tempore
269 624 521 680 praeterito
543 629 635 675 est,
661 622 785 679 quod
801 623 894 662 iam
909 634 1002 662 non
1021 624 1111 670 est,
1129 617 1379 671 imaginem

41 694 151 723 vero
171 682 284 733 eius,
305 695 407 722 cum
424 693 525 722 eam
538 680 699 722 recolo
719 684 766 720 et
779 690 932 728 narro,
951 678 998 718 in
1016 675 1253 730 praesenti
1268 678 1378 713 tem-

39 752 152 795 pore
169 741 370 789 intueor,
386 738 493 793 quia
510 742 582 778 est
600 735 749 777 adhuc
765 737 813 777 in
828 734 1052 776 memoria
1068 744 1184 772 mea.
1216 730 1378 771 Utrum

41 796 204 838 similis
218 797 279 837 sit
297 807 436 836 causa
450 795 589 836 etiam
606 792 1022 848 praedicendorum
1039 788 1314 837 futurorum,
1330 791 1380 826 ut

41 865 216 903 rerum,
242 863 358 906 quae
382 851 583 892 nondum
607 854 734 901 sunt,
757 850 849 889 iam
870 847 1147 888 exsistentes
1165 854 1380 899 praesen-

41 909 217 951 tiantur
233 909 480 963 imagines,
506 907 754 956 confiteor,
771 904 899 946 Deus
917 915 1067 953 meus,
1086 900 1262 942 nescio.
1322 898 1379 938 ll-

43 965 124 1007 lud
157 977 267 1007 sane
291 965 412 1015 scio,
446 977 531 1006 nos
555 963 823 1018 plerumque
848 958 1178 1016 praemeditari
1199 956 1379 997 futuras

46 1022 256 1063 actiones
296 1026 501 1072 nostras,
543 1032 734 1074 eamque
773 1015 1236 1074 praemeditationem
1276 1023 1379 1053 esse

42 1082 357 1134 praesentem3
389 1078 618 1119 actionem
638 1081 805 1126 autem,
826 1087 960 1130 quam
977 1070 1380 1127 praemeditamur,

42 1136 248 1177 nondum
283 1147 407 1186 esse,
444 1135 552 1189 quia
584 1132 740 1174 futura
764 1136 854 1184 est3
888 1143 1022 1185 quam
1046 1141 1147 1170 cum
1171 1125 1384 1182 adgressi

43 1191 290 1242 fuerimus,
316 1196 363 1232 et
380 1191 503 1246 quod
519 1189 989 1245 praemeditabamur,
1015 1197 1154 1241 agere
1177 1182 1382 1238 coeperi-

45 1262 166 1300 mus,
198 1253 309 1290 tunc
332 1250 422 1289 erit
444 1247 527 1289 illa
551 1247 695 1297 actio,
722 1245 830 1300 quia
852 1250 960 1291 tunc
986 1255 1078 1283 non
1102 1241 1276 1290 futura,
1301 1237 1383 1279 sed

46 1317 266 1361 praesens
295 1310 379 1346 est.
443 1304 640 1358 Quoquo
665 1302 804 1343 modo
830 1314 878 1342 se
897 1302 1054 1354 itaque
1073 1297 1242 1338 habeat
1258 1307 1383 1335 arca-

47 1376 107 1404 na
139 1362 410 1417 praesensio
443 1359 725 1409 futurorum,
760 1357 908 1398 videri
934 1355 1022 1396 nisi
1051 1353 1174 1408 quod
1199 1356 1270 1392 est
1292 1363 1381 1391 non

47 1424 219 1474 potest.
269 1416 405 1468 Quod
423 1421 575 1457 autem
591 1418 683 1456 iam
702 1418 786 1464 est,
807 1426 900 1454 non
916 1411 1135 1461 futurum,
1155 1408 1238 1450 sed
1255 1418 1384 1461 prae-

50 1488 156 1517 sens
177 1479 261 1515 est.
324 1473 434 1514 Cum
454 1485 565 1527 ergo
584 1471 734 1512 videri
754 1470 966 1511 dicuntur
981 1466 1156 1516 futura,
1176 1477 1268 1506 non
1284 1464 1387 1517 ipsa

50 1543 167 1587 quae
185 1529 388 1571 nondum
411 1534 538 1579 sunt,
561 1529 610 1569 id
630 1532 720 1579 est,
745 1538 861 1581 quae
878 1524 1035 1566 futura
1055 1527 1181 1573 sunt,
1207 1520 1287 1562 sed
1309 1532 1383 1560 eo-

48 1602 149 1629 rum
183 1599 350 1628 causae
382 1586 458 1627 vel
490 1587 623 1639 signa
656 1583 855 1624 forsitan
885 1581 1119 1630 videntur,
1155 1589 1271 1633 quae
1294 1577 1387 1616 iam

51 1650 175 1696 sunt3
194 1644 301 1685 ideo
320 1656 413 1684 non
429 1641 601 1693 futura,
620 1640 703 1682 sed
718 1639 984 1694 praesentia
1003 1641 1108 1678 sunt
1124 1636 1215 1675 iam
1231 1633 1386 1676 viden-

50 1701 190 1751 tibus,
204 1713 261 1742 ex
279 1700 443 1755 quibus
461 1698 617 1739 futura
632 1696 957 1752 praedicantur
975 1694 1124 1734 animo
1146 1695 1384 1744 concepta.

54 1758 183 1807 Quae
208 1769 366 1798 rursus
391 1757 720 1809 conceptiones
743 1754 835 1793 iam
860 1756 984 1801 sunt,
1010 1755 1057 1791 et
1076 1761 1153 1790 eas
1174 1759 1386 1802 praesen-

52 1820 125 1855 tes
145 1813 264 1867 apud
281 1825 331 1854 se
348 1813 600 1861 intuentur,
621 1811 699 1866 qui
715 1810 797 1850 illa
813 1807 1098 1863 praedicunt.
1147 1804 1388 1859 Loquatur

53 1869 168 1911 mihi
206 1868 394 1923 aliquod
428 1868 686 1922 exemplum
716 1871 846 1907 tanta
876 1877 1030 1906 rerum
1063 1861 1386 1904 numerositas.

53 1927 242 1967 Intueor
259 1937 491 1966 auroram:
519 1925 742 1965 oriturum
762 1922 908 1964 solem
925 1920 1212 1975 praenuntio.
1252 1915 1387 1965 Quod

56 1984 260 2032 intueor,
296 1993 516 2034 praesens
551 1986 641 2032 est3
676 1979 801 2035 quod
832 1977 1128 2034 praenuntio,
1164 1974 1386 2016 futurum:

58 2051 150 2079 non
170 2038 242 2080 sol
259 2037 461 2087 futurus,
483 2039 558 2090 qui
577 2037 669 2077 iam
689 2041 778 2087 est,
799 2036 883 2077 sed
901 2040 1029 2075 ortus
1049 2033 1163 2082 eius,
1184 2029 1262 2083 qui
1278 2040 1389 2068 non-

60 2095 166 2135 dum
191 2099 279 2135 est:
311 2099 467 2134 tamen
492 2093 632 2133 etiam
657 2098 808 2134 ortum
830 2092 980 2145 ipsum
1006 2089 1097 2130 nisi
1114 2089 1264 2128 animo
1280 2085 1389 2123 ima-

61 2153 264 2205 ginarer,
290 2151 409 2191 sicut
423 2149 560 2190 modo
581 2162 682 2189 cum
700 2149 747 2190 id
766 2149 952 2203 loquor,
978 2159 1071 2187 non
1090 2156 1191 2184 eum
1205 2151 1390 2195 possem

59 2207 345 2260 praedicere.
408 2206 499 2247 Sed
522 2218 606 2246 nec
630 2206 711 2246 illa
731 2217 918 2254 aurora,
944 2215 1076 2256 quam
1102 2203 1148 2239 in
1176 2196 1309 2238 coelo
1328 2195 1391 2234 vi-

64 2263 168 2314 deo,
188 2263 301 2304 solis
324 2268 450 2304 ortus
472 2267 560 2313 est,
584 2264 787 2317 quamvis
808 2273 910 2302 eum
928 2256 1191 2314 praecedat,
1212 2265 1296 2293 nec
1313 2251 1394 2291 illa
