1514 2438
276 108 811 152 CONFESSIONUM
841 108 1044 148 LIBER
1074 107 1154 148 vl.
1328 108 1375 145 91

53 208 211 236 eorum
236 197 412 246 socius,
439 209 464 235 a
488 194 651 249 quibus
672 193 894 233 adductus
915 198 1025 233 erat.
1089 191 1208 241 Quid
1227 191 1379 246 plura'!

53 252 312 306 Spectavi't,
338 252 569 301 clamavit,
596 251 787 299 exarsit,
813 249 1003 289 abstulit
1019 249 1123 288 inde
1144 260 1297 288 secum
1315 248 1379 287 in-

57 309 256 358 saniam,
288 320 382 363 qua
415 307 729 348 stimularetur
758 306 930 354 redire,
967 318 1056 345 non
1082 310 1257 345 tantum
1282 316 1381 343 cum

57 365 173 415 illis,
208 376 234 405 a
263 365 426 418 quibus
451 364 574 416 prius
602 363 857 402 abstractus
885 367 973 411 est,
1008 361 1089 401 sed
1114 361 1251 400 etiam
1272 372 1380 413 prae

58 423 167 471 illis,
189 427 233 462 et
252 421 368 460 alios
387 420 588 459 trahens.
641 418 699 458 Et
714 418 818 458 inde
839 424 987 457 tamen
1006 430 1140 456 manu
1158 416 1381 456 validissi-

58 492 139 518 ma.
164 483 209 517 et
238 476 674 517 misericordissima
699 474 860 514 eruisti
884 486 983 513 eum
1010 480 1079 523 tu,
1115 479 1160 513 et
1185 471 1382 513 docuisti

61 548 151 574 non
178 533 247 573 sui
274 531 465 582 habere,
496 531 575 571 sed
599 531 663 570 tui
685 531 916 580 fiduciam3
953 529 1033 569 sed
1053 529 1190 582 longe
1209 533 1384 582 postea.

143 590 190 630 C.
220 589 298 629 IX.
359 588 685 629 Verumtamen
718 587 809 626 iam
833 585 920 626 hoc
936 585 991 624 ad
1020 585 1294 624 medicinam
1319 582 1387 623 fu-

60 652 206 686 turam
228 646 275 684 in
304 645 402 684 eius
421 644 644 684 memoria
660 642 984 696 reponebatur.
1044 640 1159 681 Nam
1186 646 1231 680 et
1256 639 1386 688 illud,

62 701 183 756 quod
211 714 311 741 cum
331 699 478 740 adhuc
497 699 716 749 studeret,
736 700 826 738 iam
844 710 914 738 me
934 697 1124 738 audiens
1145 697 1263 749 apud
1283 696 1387 735 Car-

60 757 318 811 thaginem,
347 763 392 797 et
419 756 571 796 medio
601 755 672 795 die
700 756 928 809 cogitaret
946 755 991 793 in
1010 752 1113 794 foro
1136 752 1255 806 quod
1275 753 1388 791 reci-

59 819 237 854 taturus
259 819 372 862 erat‚
394 813 531 853 sicuti
550 812 757 852 exerceri
775 809 1043 851 scholastici
1063 808 1228 859 solent,
1242 808 1390 848 sivisti

63 883 163 910 eum
200 868 524 922 comprehendi
560 868 614 907 ab
650 867 878 908 aeditimis
921 866 1011 906 fori
1050 872 1280 919 tamquam
1318 863 1386 904 fu«

60 939 181 975 rem,
217 939 308 965 non
342 925 542 964 arbitror
575 924 710 963 aliam
738 924 795 963 ob
828 935 1009 963 causam
1034 927 1080 962 te
1105 921 1387 975 permisisse,

62 982 188 1022 Deus
214 987 395 1031 noster,
424 981 511 1021 nisi
534 985 585 1020 ut
608 980 687 1019 ille
714 980 784 1019 vir
800 984 953 1019 tantus
973 978 1153 1019 futurus
1172 978 1260 1017 iam
1278 977 1389 1016 inci-

60 1043 193 1091 peret
208 1038 402 1087 discere,
416 1049 548 1090 quam
565 1048 656 1076 non
673 1035 812 1075 facile
830 1036 876 1075 in
897 1034 1222 1089 dignoscendis
1238 1033 1389 1073 causis

63 1094 198 1134 homo
211 1094 265 1133 ab
285 1092 468 1134 homine
490 1092 769 1133 damnandus
790 1096 914 1132 esset
930 1091 1178 1131 temeraria
1197 1089 1390 1130 creduli-

61 1156 170 1190 tate.
234 1150 412 1203 Quippe
438 1153 542 1189 ante
568 1148 771 1189 tribunal
797 1147 1117 1188 deambulabat
1144 1146 1270 1187 solus
1291 1158 1391 1186 cum

62 1206 230 1247 tabulis
256 1219 309 1246 ac
336 1205 468 1256 stilo,
497 1218 598 1245 cum
618 1217 724 1245 ecce
745 1204 1015 1245 adolescens
1036 1203 1218 1257 quidam
1239 1215 1294 1243 ex
1313 1215 1390 1241 nu-

62 1275 187 1303 mero
207 1261 590 1303 scholasticorum
605 1260 679 1301 fur
694 1273 829 1301 verus
842 1291 853 1311 ,
874 1261 1070 1301 securim
1090 1259 1298 1299 clanculo
1317 1257 1391 1297 ad-

62 1324 264 1372 portans,
285 1318 366 1358 illo
382 1331 473 1358 non
493 1318 720 1359 sentiente
738 1317 974 1370 ingressus
996 1321 1066 1356 est
1085 1315 1141 1354 ad
1160 1314 1391 1355 cancellos

63 1374 317 1428 plumbeos,
332 1374 520 1428 quirico
542 1373 806 1427 argentario
828 1372 1023 1425 desuper
1034 1371 1334 1423 praeminent,
1347 1375 1393 1409 et

61 1430 328 1483 praecidere
347 1429 579 1482 plumbum
598 1429 765 1481 coepit.
806 1427 930 1468 Sono
951 1433 1101 1467 autem
1122 1426 1296 1467 securis
1316 1438 1391 1465 au-

63 1487 158 1526 dito
181 1486 659 1525 submurmuraverunt
677 1484 947 1538 argentarii,
977 1484 1053 1537 qui
1072 1483 1229 1523 subter
1247 1487 1390 1528 erant,

65 1551 109 1583 et
124 1544 347 1582 miserunt
372 1543 446 1595 qui
467 1539 882 1594 adprehenderent,
904 1552 1036 1592 quem
1055 1538 1176 1579 forte
1196 1538 1392 1578 invenis·

64 1604 178 1639 sent.
242 1598 444 1646 Quorum
472 1597 661 1637 vocibus
690 1597 880 1646 auditis,
904 1596 1068 1635 relicto
1088 1596 1390 1635 instrumento

60 1655 139 1695 ille
168 1654 404 1704 discessit,
429 1655 594 1694 timens
621 1665 676 1693 ne
696 1666 795 1693 cum
816 1665 870 1692 eo
890 1658 1139 1692 teneretur.
1198 1650 1389 1704 Alypius

64 1719 228 1760 autem,
241 1711 313 1764 qui
337 1723 425 1749 non
444 1710 624 1750 viderat
643 1709 903 1757 intrantem,
917 1714 1157 1748 exeuntem
1177 1707 1335 1756 sensit,
1349 1712 1395 1745 et

65 1767 280 1807 celeriter
313 1767 428 1806 vidit
462 1766 726 1816 abeuntem3
761 1770 806 1804 et
840 1777 1023 1805 causam
1058 1764 1176 1804 scire
1205 1763 1392 1816 cupiens

60 1824 298 1876 ingressus
318 1827 389 1862 est
406 1823 630 1870 locum,et
650 1823 876 1861 inventam
896 1820 1091 1861 securim
1110 1825 1235 1860 stans
1255 1824 1391 1871 atque

63 1879 292 1919 admirans
313 1878 655 1918 considerabat:
686 1890 784 1917 cum
806 1889 911 1917 ecce
932 1877 1021 1926 illi,
1043 1877 1120 1930 qui
1142 1876 1272 1916 missi
1297 1874 1392 1914 fue-

63 1941 187 1984 rant,
222 1934 459 1986 reperiunt
486 1947 587 1973 eum
613 1933 761 1974 solum
786 1932 1010 1974 ferentem
1036 1932 1229 1982 ferrum,
1265 1931 1392 1971 cuius

64 1991 217 2031 sonitu
237 1990 377 2030 exciti
398 1995 628 2030 venerant.
690 1991 889 2039 Tenent,
918 1987 1182 2037 adtrabunt,
1203 1999 1393 2040 congre-

65 2046 182 2099 gatis
203 2046 440 2100 inquilinis
472 2045 584 2095 fori,
612 2050 838 2099 tamquam
862 2045 1008 2085 furem
1031 2043 1323 2084 manifestum
1344 2054 1392 2081 se

67 2100 469 2154 comprehendisse
487 2102 763 2155 gloriantur,
784 2107 830 2141 et
846 2102 951 2141 inde
973 2100 1234 2140 offerendus
1253 2098 1392 2138 iudici

68 2157 331 2198 ducebatur.
402 2157 493 2198 Sed
533 2156 752 2197 hactenus
794 2157 1026 2198 docendus
1066 2156 1165 2196 fuit.
1229 2154 1390 2195 Statim

69 2214 210 2263 enim,
236 2213 455 2263 Domine,
488 2212 742 2254 subvenisti
767 2213 1083 2263 innocentiae,
1111 2213 1238 2261 cuius
1258 2210 1392 2250 testis
