1473 2443
70 98 146 138 182
384 95 661 138 AURELII
690 95 1062 139 AUGUSTINI

68 190 179 225 scat.
238 184 296 224 Et
317 185 434 225 unde
454 182 604 230 adest,
629 181 716 220 nisi
740 193 795 221 ex
810 181 909 234 ipsa
924 177 1167 221 memoria?
1196 176 1309 218 Nam
1330 181 1373 217 et

69 253 169 280 cum
199 240 255 280 ab
279 239 370 280 alio
395 239 657 280 commoniti
678 239 1070 290 recognoscimus,
1102 234 1206 274 inde
1231 234 1372 273 adest.

67 295 169 336 Non
202 295 320 335 enim
353 294 481 349 quasi
513 305 677 333 novum
701 293 944 342 credimus,
979 292 1059 331 sed
1081 290 1374 330 recordantes

69 350 368 404 adprobamus
401 350 488 390 hoc
517 360 637 398 esse,
673 347 792 401 quod
818 347 986 387 dictum
1011 351 1092 386 est.
1155 344 1204 385 Si
1226 350 1372 384 autem

69 407 247 460 penitus
268 407 505 447 aboleatur
524 416 579 444 ex
596 405 764 451 animo,
790 415 873 443 nec
891 403 1110 443 admoniti
1125 400 1373 440 reminisci-

68 475 180 502 mur.
238 460 396 515 Neque
430 461 546 501 enim
581 459 836 500 omnimodo
870 457 1016 498 adhuc
1049 457 1178 497 obliti
1208 469 1374 503 sumus,

71 517 191 571 quod
222 518 294 557 vel
328 517 495 557 oblitos
528 528 610 556 nos
644 526 744 555 esse
777 514 1072 554 meminimus.
1133 511 1236 551 Hoc
1266 523 1375 563 ergo

70 586 153 614 nec
171 575 384 613 amissum
403 583 620 626 quaerere
637 571 901 624 poterimus,
922 568 1043 623 quod
1062 567 1243 608 omnino
1265 566 1377 606 obli-

71 629 104 668 ti
123 628 356 668 fuerimus.

155 685 201 725 C.
226 684 326 724 XX.
389 682 627 732 Quomodo
676 693 785 735 ergo
833 686 878 720 te
929 690 1120 733 quaero,
1159 676 1377 718 Domine?

73 741 191 780 Cum
221 740 358 780 enim
386 745 437 779 te
460 739 622 778 Deum
646 750 809 777 meum
836 747 1048 789 quaero,
1081 734 1239 773 vitam
1265 733 1379 772 bea-

70 801 175 835 tam
199 808 408 848 quaero.
470 795 691 843 Quaeram
709 798 770 842 te,
789 797 838 831 ut
856 792 976 832 vivat
992 791 1140 831 anima
1156 802 1269 829 mea.
1303 787 1378 829 Vi-

70 853 135 890 vit
165 853 281 890 enim
309 864 471 904 corpus
494 861 639 889 meum
660 849 713 888 de
732 849 880 888 anima
895 859 1016 897 mea,
1043 851 1088 886 et
1107 846 1218 886 vivit
1235 845 1381 883 anima

71 918 173 945 mea
198 906 251 945 de
285 911 344 946 te.
406 906 644 954 Quomodo
680 916 789 957 ergo
824 915 992 956 quaero
1021 904 1158 942 vitam
1181 901 1379 948 beatam3

72 962 178 1014 quia
208 974 297 1001 non
331 966 401 1001 est
434 959 563 1009 mihi,
598 960 744 1000 donec
774 959 937 998 dicam:
971 962 1040 998 sat
1065 962 1153 1006 est,
1185 956 1282 995 illic
1304 954 1381 994 ubi

74 1021 257 1070 oportet
273 1022 322 1056 ut
341 1016 511 1057 dicam}
543 1014 781 1064 Quomodo
803 1027 899 1054 eam
918 1012 1112 1066 quaero?
1129 1012 1285 1052 Utrum
1302 1021 1383 1063 per

70 1072 458 1121 recordationem,
482 1078 708 1124 tamquam
734 1082 831 1109 eam
857 1069 1025 1109 oblitus
1045 1070 1148 1117 sim,
1176 1067 1381 1106 oblitum-

74 1140 159 1180 que
178 1140 247 1167 me
269 1140 368 1167 esse
389 1126 534 1168 adhuc
552 1132 752 1175 teneam3
773 1138 827 1164 an
845 1137 925 1178 per
943 1124 1190 1177 adpetitum
1209 1123 1381 1162 discen-

74 1185 118 1223 di
149 1185 448 1237 incognitam,
491 1185 584 1223 sive
619 1194 749 1234 quam
782 1193 1019 1234 numquam
1052 1179 1251 1226 scierim,
1287 1178 1381 1216 sive

75 1252 207 1292 quam
227 1240 293 1279 sic
313 1239 481 1279 oblitus
499 1238 682 1286 fuerim,
711 1242 756 1276 ut
772 1248 843 1276 me
862 1248 945 1275 nec
966 1235 1154 1275 oblitum
1175 1244 1275 1273 esse
1293 1243 1381 1271 me·

72 1295 305 1335 minefimss
335 1294 495 1335 Nonne
529 1295 629 1346 ipsa
661 1298 730 1332 est
760 1292 895 1331 beata
923 1292 1035 1340 vita,
1073 1302 1202 1342 quam
1228 1299 1382 1327 omnes

73 1351 245 1401 volunt,
266 1356 311 1391 et
329 1351 524 1399 omnino,
545 1349 621 1402 qui
637 1348 766 1397 nolit,
786 1359 917 1386 nemo
938 1345 1029 1386 ests.t
1058 1346 1143 1386 Ubi
1164 1348 1384 1383 noverunt

75 1418 192 1455 eam,
219 1406 338 1459 quod
354 1406 423 1445 sic
439 1405 597 1445 volunt
616 1403 735 1444 eam?
767 1403 852 1442 Ubi
869 1403 1097 1451 viderunt,
1116 1406 1165 1440 ut
1182 1407 1384 1439 amarent

76 1461 204 1501 eam?
231 1461 451 1502 Nimirum
470 1459 685 1500 habemus
705 1471 822 1508 eam,
849 1460 1004 1498 nescio
1025 1455 1268 1510 quomodo.
1327 1453 1384 1492 Et

77 1523 146 1556 est
179 1518 295 1557 alius
330 1517 510 1570 quidam
540 1515 721 1564 modus,
757 1526 843 1567 quo
876 1514 1084 1566 quisque,
1121 1524 1220 1551 cum
1248 1509 1384 1549 habet

77 1585 194 1623 eam,
230 1579 333 1614 tunc
367 1572 527 1612 beatus
562 1577 644 1611 est.
702 1571 761 1610 Et
793 1575 896 1610 sunt
919 1569 994 1622 qui
1017 1580 1094 1621 spe
1115 1566 1241 1606 beati
1265 1569 1381 1605 sunt.

76 1627 297 1668 Inferiore
317 1628 451 1668 modo
472 1628 546 1667 isti
566 1627 733 1666 habent
751 1638 863 1674 eam,
885 1637 1014 1677 quam
1031 1623 1113 1672 illi,
1135 1621 1210 1673 qui
1227 1620 1314 1659 iam
1332 1631 1381 1658 re

75 1683 175 1736 ipsa
185 1684 305 1723 beati
318 1688 440 1733 sunt3
461 1683 541 1722 sed
561 1688 709 1722 tamen
726 1681 940 1720 meliores
960 1691 1089 1731 quam
1107 1677 1190 1725 illi,
1204 1675 1280 1728 qui
1299 1686 1383 1714 nec

76 1750 145 1787 re,
164 1750 248 1778 nec
266 1751 344 1791 spe
365 1739 486 1778 beati
505 1743 626 1788 sunt3
660 1737 732 1790 qui
748 1741 899 1775 tamen
918 1735 1052 1774 etiam
1070 1732 1177 1784 ipsi,
1197 1730 1286 1770 nisi
1304 1729 1382 1769 ali-

77 1806 164 1846 quo
190 1794 326 1833 modo
352 1793 572 1833 haberent
597 1805 714 1839 eam,
738 1803 828 1830 non
851 1790 916 1829 ita
932 1789 1102 1829 vellent
1118 1787 1241 1826 beati
1263 1797 1380 1834 esse,

77 1848 198 1902 quod
232 1861 311 1888 eos
344 1849 466 1888 velle
495 1848 796 1887 certissimum
821 1850 903 1884 est.
961 1843 1128 1884 Nescio
1154 1841 1381 1895 quomodo

75 1909 298 1943 noverunt
314 1916 430 1953 eam3
453 1903 648 1956 ideoque
668 1901 835 1940 habent
852 1912 949 1939 eam
966 1900 1011 1939 in
1030 1898 1183 1938 nescio
1205 1909 1292 1950 qua
1304 1907 1382 1935 no-

73 1959 195 2009 titia,
231 1959 285 1998 de
311 1972 399 2011 qua
422 1964 602 2011 satago,
626 1962 773 1996 utrum
796 1956 840 1994 in
863 1955 1082 1995 memoria
1104 1955 1181 2004 sit3
1215 1954 1319 2005 quia
1342 1950 1381 1989 si

73 2015 137 2054 ibi
158 2019 240 2064 est,
258 2016 347 2054 iam
363 2014 485 2053 beati
506 2013 672 2053 fuimus
691 2011 947 2064 aliquando.
1010 2011 1163 2050 Utrum
1180 2006 1380 2059 singilla-

73 2071 153 2109 tim
173 2083 348 2119 omnes,
369 2082 423 2109 an
440 2070 486 2108 in
502 2069 582 2108 illo
603 2067 799 2116 homine,
821 2067 893 2118 qui
914 2066 1080 2118 primus
1097 2062 1315 2117 peccarit,
1334 2061 1380 2099 in

75 2138 163 2178 quo
199 2132 244 2165 et
263 2137 416 2165 omnes
438 2124 603 2164 mortui
630 2136 801 2171 summ,
837 2127 882 2161 et
908 2122 961 2161 de
987 2133 1073 2174 quo
1100 2130 1253 2159 omnes
1279 2129 1377 2156 cum

74 2181 258 2221 miseria
290 2181 382 2220 nati
398 2193 572 2229 sumus,
607 2191 695 2218 non
730 2190 898 2230 quaero
923 2189 1056 2226 nunc,
1091 2174 1169 2215 sed
1194 2184 1377 2226 quaero,
