1514 2438
275 106 822 152 CONFESSIONUM
851 104 1056 146 LIBER
1086 104 1173 145 XI.
1301 104 1381 143 211

60 204 154 239 tem
175 196 365 237 Domini
400 195 492 235 mei
527 206 665 247 supra
686 205 757 233 me
786 197 938 232 manet
957 191 1003 230 in
1022 195 1271 230 aeternum.
1335 189 1383 230 Si

62 267 173 308 ergo
198 254 349 294 verbis
368 251 638 292 sonantibus
660 255 706 290 et
727 246 1125 303 praetereuntibus
1145 245 1317 295 dixisti,
1334 251 1384 285 ut

62 313 197 351 fieret
231 309 412 350 coelum
446 312 493 348 et
524 312 670 357 terra,
706 312 843 360 atque
866 306 932 346 ita
957 302 1113 343 fecisti
1140 303 1320 342 coelum
1340 308 1385 342 et

62 374 253 417 terram,
281 370 379 406 erat
395 365 486 404 iam
506 369 718 403 creatura
737 360 993 416 corporalis
1016 364 1119 398 ante
1139 359 1321 398 coelum
1341 362 1387 398 et

61 431 250 472 terram,
301 422 428 462 cuius
470 420 668 460 motibus
704 417 1036 471 temporalibus
1071 415 1389 468 temporaliter

62 493 154 521 vox
189 479 271 519 illa
306 481 612 532 percurreret.
676 474 863 516 Nullum
901 479 1052 514 autem
1085 483 1251 524 corpus
1285 477 1389 511 ante

65 536 243 577 coelum
265 540 310 575 et
326 539 517 585 terran13
551 537 629 572 aut
647 532 687 572 si
705 536 825 581 erat,
849 530 895 570 id
915 534 1039 570 certe
1059 529 1157 568 sine
1174 528 1391 567 transito-

67 594 137 633 ria
152 603 266 632 voce
300 589 501 640 feceras,
534 588 654 629 unde
679 588 996 628 transitoriam
1018 583 1179 625 rocem
1195 583 1391 629 faceres,

68 662 158 704 qua
189 647 389 697 diceres,
422 652 473 687 ut
506 646 639 686 fieret
671 644 852 685 coelum
883 648 929 683 et
958 648 1095 682 terra.
1159 636 1392 694 Quidquid

70 707 190 746 enim
206 704 322 744 illud
341 708 466 744 esset
482 701 602 743 unde
621 702 729 742 talis
747 713 838 741 vox
858 700 1011 748 fieret,
1046 698 1134 738 nisi
1160 697 1238 737 abs
1257 702 1302 736 te
1329 695 1393 736 fa·

70 768 192 802 ctum
211 765 350 811 esset,
369 761 551 800 omnino
571 771 663 798 non
679 762 817 798 esset.
851 757 911 796 Ut
930 768 1040 809 ergo
1061 755 1193 793 fieret
1212 765 1394 805 corpus,

69 817 186 859 unde
205 818 297 858 ista
313 816 453 856 verba
469 816 654 864 fierent,
676 827 764 868 quo
785 813 924 853 verbo
946 825 972 852 a
989 817 1034 851 te
1055 810 1224 851 dictum
1245 809 1340 849 esti

153 874 199 914 C.
226 872 324 914 VII.
382 871 535 913 Vocas
559 872 714 924 itaque
736 883 819 910 nos
843 869 899 909 ad
916 866 1265 921 intelligendum
1284 865 1396 906 Ver-

66 931 192 981 bum,
210 929 359 970 Deum
383 927 502 982 apud
518 934 563 967 te
582 927 749 976 Deum,
777 925 900 980 quod
918 924 1194 978 sempiterne
1214 922 1396 971 dicitur,

69 992 117 1028 et
144 999 198 1027 eo
224 985 502 1039 sempiterne
528 984 740 1024 dicuntur
760 983 924 1023 omnia.
984 980 1142 1034 Neque
1163 979 1280 1019 enim
1300 979 1396 1018 fini-

65 1049 140 1083 tur
166 1043 289 1096 quod
315 1041 572 1091 dicebatur,
605 1046 651 1081 et
673 1039 840 1080 dicitur
863 1037 1008 1088 aliud,
1031 1043 1082 1078 ut
1101 1036 1281 1090 possint
1306 1035 1396 1074 dici

69 1099 242 1150 omnia3
276 1098 359 1139 sed
391 1097 528 1137 simul
561 1110 612 1137 ac
632 1097 910 1150 sempiterne
947 1094 1113 1135 omnia.
1173 1092 1393 1146 Alioquin

66 1156 157 1196 iam
177 1160 356 1209 tempus
383 1159 427 1194 et
448 1154 663 1203 mutatio,
699 1159 745 1193 et
766 1165 858 1192 non
882 1163 992 1191 vera
1018 1149 1286 1198 aeternitas,
1312 1160 1397 1188 nec

66 1224 177 1252 vera
193 1210 532 1252 immortalitas.
591 1209 696 1250 Hoc
713 1209 835 1259 novi,
852 1208 979 1248 Deus
998 1219 1141 1255 meus,
1163 1211 1208 1245 et
1225 1205 1397 1258 gratias

69 1281 173 1322 ago.
229 1267 364 1317 Novi,
384 1267 610 1307 confiteor
626 1266 726 1316 tibi,
744 1265 962 1314 Domine,
982 1273 1251 1315 mecumque
1270 1261 1399 1300 novit

70 1331 116 1365 et
131 1325 366 1365 benedicit
387 1329 450 1373 te,
466 1323 673 1376 quisquis
685 1322 893 1375 ingratus
911 1332 1002 1360 non
1021 1323 1092 1358 est
1109 1324 1263 1357 certae
1282 1316 1398 1356 veri-

69 1382 167 1422 tati.
227 1379 463 1429 Novimus,
481 1379 694 1427 Domine,
713 1377 942 1427 novimus3
965 1374 1177 1429 quoniam
1194 1373 1240 1412 in
1262 1385 1399 1426 quan-

69 1444 166 1478 tum
200 1435 420 1490 quidquid
452 1447 544 1474 non
577 1439 648 1474 est
680 1433 802 1487 quod
828 1438 946 1481 erat,
982 1436 1028 1471 et
1060 1435 1132 1470 est
1162 1430 1284 1484 quod
1306 1441 1401 1469 non

70 1498 188 1543 erat,
224 1494 272 1533 in
303 1496 477 1531 tantum
498 1491 692 1531 moritur
718 1495 764 1530 et
788 1489 946 1529 oritur.
1007 1486 1111 1528 Non
1136 1498 1246 1540 ergo
1273 1485 1399 1539 quid·

73 1562 207 1604 quam
229 1548 372 1589 Verbi
395 1547 462 1587 tui
488 1547 611 1587 cedit
636 1551 770 1600 atque
795 1544 1021 1594 succedit,
1052 1543 1267 1597 quoniam
1290 1553 1399 1582 vere

72 1604 332 1646 immortale
356 1610 492 1657 atque
519 1609 756 1644 aeternum
781 1606 864 1642 est.
924 1601 981 1640 Et
1003 1600 1109 1640 ideo
1133 1598 1288 1640 Verbo
1313 1597 1401 1638 tibi

72 1667 321 1703 coaeterno
347 1660 483 1701 simul
502 1665 547 1700 et
566 1658 842 1713 sempiterne
863 1657 977 1699 dicis
998 1657 1173 1706 omnia,
1199 1667 1314 1709 quae
1336 1654 1400 1694 di-

72 1721 159 1768 cis,
180 1723 226 1758 et
243 1717 293 1758 fit
311 1717 532 1771 quidquid
551 1716 687 1765 dicis,
709 1720 757 1756 ut
774 1714 872 1765 fiat3
905 1726 988 1754 nec
1009 1713 1163 1763 aliter,
1184 1725 1317 1766 quam
1336 1711 1399 1750 di-

73 1774 218 1814 cendo
242 1773 378 1824 facis;
411 1785 494 1813 nec
516 1778 670 1813 tamen
702 1777 747 1812 et
774 1770 910 1811 simul
928 1775 974 1811 et
992 1770 1267 1824 sempiterne
1288 1768 1401 1807 fiunt

73 1831 244 1879 omnia,
265 1842 378 1883 quae
399 1829 594 1870 dicendo
613 1828 745 1869 facis.
1050 1862 1055 1868 .

158 1886 205 1926 C.
230 1885 348 1925 Vlll.
411 1885 520 1935 Cur,
546 1897 742 1939 quaeso,
774 1884 971 1925 Domine
990 1882 1116 1923 Deus
1140 1881 1292 1922 meus2
1322 1881 1399 1920 Ut-

75 1954 266 1995 cumque
287 1942 443 1992 vide03
477 1941 559 1981 sed
576 1954 665 1995 quo
683 1941 820 1981 modo
838 1940 886 1981 id
906 1940 1096 1993 eloquar
1114 1938 1290 1987 nescio,
1310 1935 1399 1975 nisi

74 1999 182 2052 quia
200 2009 331 2038 omne
344 2027 355 2047 ,
375 1998 497 2050 quod
516 2009 618 2037 esse
635 1998 796 2050 incipit
815 2002 861 2037 et
879 2008 981 2036 esse
1002 1996 1184 2043 desinit,
1204 2000 1310 2033 tunc
1331 2003 1400 2031 es-

75 2066 124 2094 se
146 2054 308 2108 incipit
328 2059 373 2094 et
390 2060 497 2093 tunc
516 2065 618 2093 esse
638 2054 826 2103 desinit,
855 2053 1034 2107 quando
1056 2050 1269 2092 debuisse
1288 2048 1398 2087 inci-

75 2122 184 2163 pere
202 2111 277 2150 vel
295 2110 505 2150 desinere
523 2110 570 2149 in
588 2115 776 2150 aeterna
792 2110 971 2150 ratione
992 2106 1302 2161 cognoscitur,
1322 2104 1401 2144 ubi

76 2178 160 2205 nec
192 2166 354 2218 incipit
387 2166 559 2219 aliquid
581 2178 665 2205 nec
689 2166 871 2206 desinit.
931 2165 1082 2218 Ipsum
1108 2170 1178 2203 est
1199 2160 1400 2201 Verbum

76 2228 224 2273 tuum,
251 2222 372 2278 quod
399 2228 445 2264 et
462 2221 732 2276 principium
760 2229 840 2273 est,
868 2221 968 2276 quia
987 2227 1031 2260 et
1045 2218 1241 2273 loquitur
1259 2215 1396 2257 nobis.

977 2278 1011 2317 O
1033 2279 1055 2316 2
