1473 2443
62 129 89 158 x
470 114 956 159 ARGUMENTUM.

63 199 103 232 C.
124 199 347 279 l{.lDe11m
381 202 576 245 precatur,
609 201 651 234 ut
683 200 759 244 ipsi
791 201 930 235 serviat
963 199 1142 245 quidquid
1165 199 1259 235 utile
1282 210 1378 246 puer

62 292 101 325 C.
124 257 205 327 16.n
220 246 423 335 ifiiiliitobat
445 293 628 326 rationem
651 293 857 327 inventutis
882 292 1127 334 erudiendae,
1152 296 1190 327 et
1214 305 1278 327 cur
1303 294 1376 328 diis

151 338 297 380 flagitia
314 340 524 372 tribuantur
540 350 561 373 a
578 340 700 383 poe'tis
719 340 895 373 ostendit.

61 383 176 418 c.17.
226 385 473 428 Prosequitur
488 396 704 429 perversum
720 386 867 419 modum
884 386 1090 419 iuventutis
1106 386 1149 419 in
1161 386 1273 419 rebus
1290 384 1376 419 lite-

150 432 260 465 ratiis
277 432 523 466 exercendae.

61 477 102 511 C
125 480 179 511 18.
230 478 410 511 Homines
434 487 581 512 servare
599 477 752 511 student
769 480 879 521 pacta
895 475 1107 518 literar-um,
1133 478 1199 512 sed
1224 481 1375 512 aeterna

151 528 263 567 pacta
280 526 485 567 perpetuae
502 523 635 559 salutis
651 523 858 566 negligunt

60 570 189 650 C.19.t
226 570 433 651 Igiantium
449 571 697 605 innocentiam
714 573 836 612 negat,
864 573 901 604 et
917 569 1036 604 refert
1053 581 1251 614 puerorum
1271 569 1375 604 dolos

61 664 102 697 C.
122 628 178 698 23.
203 628 309 697 vim).
328 663 518 697 beneficiis
543 663 615 697 sibi
639 663 680 697 iu
695 664 860 707 pueritia
877 662 1026 697 collatis
1045 663 1113 697 deo
1131 665 1270 705 gratias
1288 664 1375 706 agit.

416 755 623 797 LIBER
653 755 1014 798 SECUNDUS.

129 825 380 871 Progredae'tur
403 828 457 861 ad
478 824 790 866 adolescentiam,
816 836 861 858 ac
877 825 1047 870 primum
1070 825 1214 870 quidem
1238 837 1375 859 annum

60 874 205 909 aetatis
226 878 374 907 sextum
392 871 591 913 decimum,
617 882 686 918 quo
705 870 828 905 missis
844 871 979 906 studies
994 871 1206 906 libidinibns
1223 871 1376 905 indulsit

57 925 95 955 et
112 930 198 955 cum
211 918 400 954 sodalibus
413 917 570 964 furtum
582 917 837 964 perpetravit.
888 918 997 964 (Pag.
1016 921 1112 952 20-
1122 921 1177 952 29
1184 918 1198 961 )

61 977 493 1016 C.1.Adolescentiae
510 979 656 1020 flagitia
675 976 859 1023 deplorat.

62 1027 102 1062 C.
122 1030 156 1061 2.
206 1025 355 1061 Summo
382 1024 508 1059 dolore
534 1023 729 1069 perculsus
754 1025 926 1058 meminit
947 1023 1128 1058 libidines
1146 1024 1375 1064 licentiosas,

151 1074 285 1117 quibus
302 1084 395 1106 anno
415 1072 557 1105 decimo
575 1074 685 1105 sexto
702 1070 935 1113 indulgebat.

61 1120 103 1155 C.
123 1124 155 1155 3.
204 1120 263 1154 De
287 1123 395 1163 patre
419 1119 606 1162 municipe
622 1117 892 1160 Thagastensi,
918 1116 986 1150 filii
1009 1118 1214 1150 studiorum
1233 1118 1377 1151 adiuto-

150 1178 202 1208 re,
222 1170 261 1200 et
277 1167 407 1200 matris
424 1165 576 1199 monitis
595 1165 640 1198 de
658 1165 830 1199 castitate
848 1165 1037 1197 servanda.

56 1217 104 1252 C.
120 1217 153 1247 4.
202 1214 360 1247 Furtum
378 1224 457 1247 cum
467 1210 658 1247 sodalibus
675 1215 873 1255 perpetrat
890 1221 962 1243 non
971 1221 1100 1254 inopia
1116 1211 1303 1250 incitatus,
1315 1210 1377 1244 sed

151 1261 306 1295 fastidio
324 1260 481 1303 quodam
499 1253 678 1293 iustitiae.

62 1306 103 1341 C.
122 1311 155 1341 5.
204 1308 262 1340 De
281 1318 389 1340 causa
406 1307 550 1350 peccati
569 1317 641 1339 non
659 1306 733 1339 sita
748 1305 787 1338 in
805 1314 926 1337 amore
944 1302 1045 1343 mali,
1066 1303 1186 1336 sedin
1205 1304 1377 1346 appetitu

151 1352 272 1387 aliena
291 1353 537 1396 adipiscendi.

62 1400 103 1434 C.
123 1403 155 1435 6.
207 1400 304 1439 Quid
330 1401 369 1432 in
395 1399 495 1432 furto
520 1396 589 1432 illo
609 1396 810 1436 dilexerit,
838 1407 918 1430 cum
937 1396 1060 1429 omnia
1077 1406 1168 1438 quae
1186 1396 1275 1428 boni
1295 1406 1378 1439 spe-

152 1447 205 1480 cie
231 1447 278 1479 ad
293 1447 386 1479 vitia
402 1445 574 1484 invitant,
592 1445 631 1477 in
648 1442 727 1477 solo
746 1444 828 1477 Deo
848 1443 923 1476 sint
938 1453 1026 1476 vera
1044 1446 1080 1474 et
1098 1442 1279 1485 perfecta.

63 1494 102 1527 C.
122 1495 155 1526 7.
206 1493 286 1526 Deo
314 1492 451 1535 gratias
477 1492 554 1533 agit
578 1501 645 1534 pro
664 1492 902 1533 peccatorum
919 1490 1160 1529 remissione,
1188 1489 1378 1521 admonet-

154 1550 223 1582 que
250 1549 509 1582 quemcumque
533 1548 667 1570 numen
684 1547 895 1580 supremum
920 1547 941 1569 a
964 1537 1197 1578 gravioribus
1215 1536 1379 1579 peccatis

154 1586 369 1618 servaverit.

63 1632 103 1665 C.
125 1635 156 1665 8.
204 1630 248 1664 In
267 1631 366 1664 furto
385 1631 522 1664 amavit
539 1630 764 1663 consortium
784 1627 892 1661 simul
910 1627 1155 1670 peccantium.

65 1678 106 1711 C.
126 1681 157 1711 9.
209 1677 359 1710 Placuit
377 1678 486 1709 etiam
506 1676 630 1708 ridere
649 1674 815 1717 aliosque
833 1675 998 1715 graviter
1015 1672 1160 1706 fallere.

63 1724 104 1757 C.
127 1727 181 1757 10.
232 1724 342 1767 Apud
361 1723 481 1756 Deum
497 1733 585 1755 vera
602 1722 706 1764 quies
724 1724 761 1753 et
781 1721 856 1753 vita
873 1719 1207 1763 imperturbabilis.

451 1795 651 1837 LIBER
680 1794 983 1835 TERTIUS.

132 1867 186 1902 De
209 1866 317 1900 annis
342 1865 479 1899 aetatis
504 1863 642 1898 decimo
664 1863 843 1909 septimo,
873 1864 1012 1897 decimo
1030 1868 1163 1897 octavo
1182 1868 1219 1896 et
1237 1863 1376 1896 decimo

60 1924 153 1948 'tono
182 1913 386 1948 transactis
425 1911 666 1954 Carthagine,
692 1910 758 1944 ubi
779 1911 990 1945 studiorum
1007 1910 1191 1943 curriculo
1207 1910 1374 1943 absoluto

60 1959 250 1995 libidinosi
274 1958 413 1992 amoris
437 1958 577 2004 laqueis
603 1955 773 1991 irretitus
791 1962 829 1991 ec
845 1957 886 1991 in
903 1956 1218 1991 Manichaeorum
1236 1966 1374 1989 errores

57 2009 253 2051 prolapsus
272 2010 333 2039 est.
384 2004 493 2050 (Pag.
509 2003 689 2046 30—44.)

61 2067 102 2100 C.
126 2072 154 2100 1.
204 2066 339 2099 Insano
364 2075 486 2098 amore
512 2067 662 2107 captus,
688 2063 793 2096 homo
819 2063 952 2096 foedus
976 2066 1014 2097 et
1038 2062 1273 2101 inhonestus,
1299 2061 1373 2094 ele-

152 2124 241 2155 gans
259 2115 296 2145 et
312 2112 474 2145 urbanus
492 2121 572 2144 esse
591 2111 716 2152 gestit,

63 2161 102 2193 C.
124 2164 155 2193 2.
205 2157 250 2192 In
274 2156 499 2202 spectaculis
517 2155 680 2201 publicis
698 2168 792 2191 vana
809 2157 1067 2190 misericordia
1084 2158 1268 2195 movetur3
1297 2166 1373 2187 sca·

148 2207 208 2240 bie
225 2206 327 2246 gravi
343 2204 543 2238 invaditur.
