1473 2443
91 139 146 181 36
412 136 689 179 AURELII
718 133 1091 178 AUGUSTINI

90 219 228 259 Cibus
246 232 290 259 in
311 221 482 261 somnis
502 220 759 262 simillimus
780 225 849 262 est
866 221 979 261 cibis
997 219 1300 274 vigilantium,
1319 228 1407 272 quo

83 280 237 316 tamen
249 275 526 317 dormientes
538 289 630 317 non
640 277 821 318 aluntur
829 291 839 329 3
860 276 1090 317 dormiunt
1108 277 1247 316 enim:
1268 279 1315 315 at
1328 275 1411 314 illa

83 343 171 371 nec
195 331 365 371 similia
389 337 519 372 erant
542 333 637 373 ullo
662 333 797 373 modo
817 332 923 382 tibi,
950 333 1068 372 sicut
1084 344 1202 371 nunc
1215 329 1328 371 mihi
1343 330 1409 370 lo-

90 392 221 426 cutus
257 398 326 438 es;
366 389 474 441 quia
508 388 591 428 illa
625 393 755 429 erant
786 388 1046 440 corporalia
1076 386 1410 441 phantasmata,

87 442 208 482 falsa
223 454 432 496 corpora,
449 444 611 497 quibus
630 445 830 485 certiora
847 449 952 484 sunt
968 456 1077 483 vera
1094 454 1290 497 corpora
1306 443 1412 491 ista,

90 510 206 551 quae
224 498 430 540 videmus
449 500 548 539 visu
567 512 755 550 carneo,
775 500 871 539 sive
893 499 1135 549 coelestia,
1157 500 1252 539 sive
1271 503 1412 538 terre-

90 553 224 605 stria3
259 566 359 595 cum
392 555 643 609 pecudibus
678 561 724 596 et
754 555 1018 596 volatilibus
1044 555 1248 596 videmus
1275 553 1411 593 haec:

91 619 137 649 et
155 610 357 650 certiora
374 616 497 660 sunt,
525 624 656 664 quam
676 624 776 652 cum
794 612 1096 664 imaginamur
1114 623 1181 650 ea.
1242 610 1299 649 Et
1316 620 1412 648 rur-

90 679 167 705 sus
193 666 361 706 certius
384 667 686 720 imaginamur
713 679 786 717 ea,
813 680 946 720 quam
965 679 1021 707 ex
1040 667 1104 706 eis
1131 666 1415 718 suspicamur

91 722 184 760 alia
217 722 466 774 grandiora
492 729 537 763 et
559 723 757 772 infinita,
792 735 906 776 quae
933 723 1115 763 omnino
1143 722 1269 761 nulla
1294 725 1414 769 sunt,

92 777 303 830 qualibus
333 790 419 832 ego
445 783 552 818 tunc
575 779 799 831 pascebar
822 778 1053 829 inanibus3
1087 783 1133 818 et
1151 790 1239 817 non
1257 788 1413 829 pasce-

89 833 187 873 bar.
217 834 274 873 At
289 838 353 883 tu,
377 846 503 873 amor
519 846 661 883 meus,
680 835 726 873 in
745 846 878 887 quem
897 834 1077 883 deficio,
1095 838 1146 873 ut
1161 832 1294 873 fortis
1314 833 1414 880 sim,

90 901 175 929 nee
207 889 297 929 ista
329 900 526 943 corpora
559 902 627 940 es,
664 902 778 944 quae
811 889 1040 939 videmus,
1075 900 1343 943 quamquam
1367 888 1412 928 in

93 945 247 994 coelo,
274 957 358 985 nec
383 957 437 985 ea
456 958 525 994 es,
553 958 667 998 quae
689 959 779 985 non
801 946 1004 986 videmus
1022 946 1108 995 ibi,
1136 945 1243 996 quia
1259 949 1309 983 tu
1329 944 1418 983 ista

93 1000 365 1051 condidisti,
390 1014 474 1041 nec
499 1002 545 1040 in
570 1002 755 1041 summis
782 1003 873 1041 tuis
899 1001 1240 1041 conditionibus
1259 998 1412 1041 habes.

95 1057 276 1104 Quanto
311 1069 421 1110 ergo
454 1057 593 1110 longe
627 1069 675 1096 es
702 1069 728 1096 a
748 1055 1141 1111 phantasmatibus
1168 1056 1261 1096 ilh's
1285 1055 1414 1105 meis,

91 1111 484 1166 phantasmatibus
519 1124 782 1165 corporum,
811 1125 925 1166 quae
955 1113 1138 1153 omnino
1169 1124 1261 1152 non
1288 1114 1414 1161 sunt3

93 1167 257 1221 quibus
291 1169 512 1209 certiores
546 1173 651 1208 sunt
682 1167 948 1222 phantasiae
974 1180 1216 1221 corporum
1242 1178 1414 1215 eorum,

95 1235 212 1278 quae
237 1230 361 1274 sunt3
395 1230 441 1264 et
468 1224 533 1264 eis
559 1224 759 1264 certiora
777 1237 990 1276 corpora,
1022 1236 1136 1277 quae
1157 1229 1308 1263 tamen
1326 1234 1417 1261 non

97 1292 167 1330 es;
200 1280 282 1319 sed
308 1292 393 1320 nec
418 1281 567 1319 anima
585 1292 655 1330 es,
683 1292 797 1334 quae
815 1281 909 1320 vita
927 1285 997 1320 est
1014 1278 1275 1332 corporum!
1308 1277 1418 1317 Ideo

94 1335 262 1375 melior
300 1336 393 1375 vita
431 1348 696 1388 corporum,
740 1336 1000 1388 certiorque
1042 1348 1174 1389 quam
1209 1345 1417 1387 corpora.

97 1391 190 1432 Sed
205 1396 255 1430 tu
271 1391 366 1431 vita
384 1403 432 1431 es
452 1392 716 1441 animarum,
731 1392 827 1432 vita
844 1392 1053 1441 vitarum,
1066 1391 1222 1430 vivens
1241 1394 1285 1430 te
1303 1390 1419 1442 ipsa,

99 1453 146 1487 et
169 1459 260 1486 non
285 1447 476 1487 mutaris
492 1477 503 1497 ,
535 1448 630 1487 vita
656 1448 832 1487 animae
856 1459 1001 1487 meae.
1060 1446 1147 1486 Ubi
1174 1458 1283 1499 ergo
1309 1443 1422 1485 mihi

95 1510 203 1543 tunc
224 1515 325 1543 eras
337 1534 347 1553 ,
372 1509 418 1543 et
435 1516 566 1556 quam
584 1503 750 1557 longe?
766 1503 825 1543 Et
842 1504 978 1557 longe
997 1501 1325 1557 peregrinabar
1341 1500 1418 1540 abs

96 1566 163 1608 te,
191 1559 404 1600 exclusus
433 1568 480 1600 et
497 1573 523 1599 a
541 1560 719 1614 siliquis
739 1573 1005 1613 porcorum,
1033 1572 1146 1612 quos
1167 1558 1221 1598 de
1241 1557 1419 1609 siliquis

96 1614 355 1667 pascebam.
418 1615 598 1663 Quanto
635 1616 754 1656 enim
777 1616 993 1656 meliores
1020 1614 1420 1669 grammaticorum

97 1675 144 1709 et
167 1672 407 1722 poetarum
424 1670 644 1721 fabellae,
672 1684 804 1724 quam
827 1671 909 1711 illa
929 1669 1158 1722 decipula!
1190 1668 1305 1709 Nam
1322 1680 1419 1707 ver-

97 1739 174 1765 sus
194 1730 240 1766 et
258 1738 459 1775 carmen,
488 1732 533 1766 et
549 1727 716 1766 Medea
733 1727 913 1775 volans,
942 1727 1153 1766 utiliores
1173 1730 1278 1765 sunt
1296 1729 1420 1763 certe

99 1794 233 1834 quam
257 1782 454 1834 quinque
480 1783 708 1822 elementa
730 1782 853 1821 varie
881 1780 1059 1831 fucata,
1082 1786 1271 1833 propter
1295 1781 1420 1833 quin-

100 1849 186 1890 que
212 1847 344 1876 antra
367 1837 680 1887 tenebrarum,
717 1849 831 1890 quae
859 1837 1041 1876 omnino
1067 1837 1192 1876 nulla
1216 1842 1339 1885 sunt,
1376 1839 1422 1874 et

101 1893 319 1932 occidunt
341 1893 615 1933 credentem.
676 1892 790 1933 Nam
818 1904 999 1932 versum
1019 1897 1065 1933 et
1083 1904 1261 1932 carmen
1283 1892 1418 1931 etiam

101 1949 159 1988 ad
190 1961 299 1988 vera
329 1949 561 2002 pulmenta
591 1948 841 1999 transfem3
879 1948 1109 1988 volantem
1143 1953 1294 1988 autem
1323 1947 1419 1987 Me-

102 2004 232 2044 deam
259 2008 304 2043 et
327 2005 366 2043 si
395 2004 651 2051 cantabam,
677 2016 767 2044 non
793 2004 1082 2054 adserebam,
1110 2009 1155 2043 et
1179 2004 1218 2043 si
1246 2002 1421 2042 cantari

102 2060 361 2109 audiebam,
383 2073 473 2100 non
494 2060 753 2099 credebam:
784 2060 866 2101 illa
889 2066 1039 2100 autem
1059 2059 1246 2099 credidi.
1305 2057 1418 2107 Vae,

100 2128 205 2165 vae,
226 2115 387 2168 quibus
408 2115 623 2168 gradibus
643 2115 864 2155 deductus
885 2129 981 2155 sum
1000 2117 1045 2154 in
1062 2113 1289 2167 profunda
1306 2113 1420 2153 infe-

101 2171 169 2211 ri'?
202 2171 376 2224 Quippe
395 2171 608 2211 laborans
629 2176 674 2210 et
692 2176 905 2211 aestuans
924 2172 1079 2224 inopia
1098 2171 1190 2210 veri
1204 2201 1214 2220 ,
1241 2184 1341 2210 eum
1357 2176 1419 2217 te,

102 2227 228 2268 Deus
260 2239 386 2268 meus
423 2227 521 2274 (tibi
558 2227 677 2267 enim
704 2228 946 2277 confiteor,
982 2228 1057 2279 qui
1082 2238 1153 2267 me
1176 2227 1420 2267 miseratus
